2138 3386
265 237 468 288 impurarum,
498 241 559 286 ror.
575 240 594 286 r.
614 241 690 286 scae.
707 241 726 286 1.
749 247 750 250 ยน
902 229 943 288 28

92 383 158 463 Ego
181 386 229 462 pol
253 399 281 445 te
305 387 366 446 istis
390 388 447 446 tuis
472 407 524 466 pro
548 390 634 448 dictis
660 400 689 448 et
716 388 883 460 malefactis,

213 484 338 557 furcifer,

90 579 262 656 Accipiam3
284 583 369 640 ruodo
389 583 428 642 sis
440 583 505 642 veni
525 584 599 644 huc:
621 584 748 644 iuvenies
766 584 884 644 infortu-

212 679 301 738 ulum.

134 797 839 838 secessus-sesa

91 873 139 932 So,
168 873 233 946 Ibo,
259 885 301 946 ut,
322 876 406 935 herur
430 878 506 952 quod
531 878 688 954 imperavit,
713 877 881 936 Alcumenae

211 973 348 1032 nuntiem.
895 978 940 1028 135

91 1067 151 1126 Sed
166 1069 230 1144 quis
251 1070 297 1127 hic
318 1081 361 1128 est
381 1071 487 1130 homol
508 1091 592 1147 quem
614 1083 678 1130 ante
699 1072 785 1130 aedeis
798 1071 881 1130 video

211 1166 266 1222 hoc
280 1167 394 1225 noctisl
415 1187 472 1226 nou
486 1168 587 1244 placet.

90 1261 147 1320 Me.
177 1262 283 1320 Nullus
309 1275 352 1322 est
383 1265 437 1322 hoc
470 1265 655 1322 meticulosus
688 1285 777 1340 aeque.
832 1265 879 1324 Sc.

208 1359 326 1421 Quemt
347 1360 376 1418 in
391 1373 515 1420 mentem
530 1362 617 1432 venit,

90 1453 156 1514 Illic
170 1457 256 1513 homo
270 1457 326 1514 hoc
340 1457 435 1516 denuo
449 1457 506 1516 uolt
519 1459 635 1534 pallium
651 1459 791 1518 detexere.

89 1553 146 1611 Me.
176 1552 276 1611 Timet
303 1554 407 1611 homo:
441 1554 572 1612 deludam
604 1573 659 1632 ego
689 1555 778 1614 illum.
831 1556 878 1616 So.

209 1649 301 1708 Perii!
323 1651 422 1709 dentes
435 1651 574 1727 pruriunt.

89 1747 177 1806 Certe
189 1747 387 1814 advenientem
403 1767 449 1806 mc
463 1749 511 1806 hic
525 1748 649 1825 hospitio
661 1769 765 1826 pugnae
781 1767 880 1826 accep-

207 1855 288 1902 turus
301 1854 352 1904 est.
893 1847 938 1897 ltu

9 1991 10 2014 ,
88 1939 186 1999 Credo
208 1942 371 2000 misericors
391 1953 451 2000 ert:
472 1961 551 2001 nuuc
569 1952 719 2020 propterea
739 1942 814 2018 quod
834 1961 880 2000 me

208 2057 288 2095 meus
302 2038 387 2096 herus

88 2133 172 2191 Fecit
196 2145 228 2192 ut
251 2135 409 2212 vigilarem,
431 2135 479 2192 hic
501 2135 606 2212 pugnis
630 2135 716 2194 faciet
739 2134 824 2192 hodie
847 2145 879 2194 ut

207 2231 354 2289 dormiam.

87 2324 204 2404 Oppido
217 2328 321 2386 interii.
356 2327 493 2386 *Obsecro
507 2329 603 2386 hercle
616 2339 738 2405 quantur
751 2339 779 2386 et
794 2347 879 2404 quam

205 2425 314 2482 validus
328 2427 386 2484 estl

86 2520 143 2578 He.
172 2521 258 2579 Clare
279 2523 428 2580 advorsum
449 2523 604 2581 fabulabor.
657 2522 716 2580 Hic
738 2521 878 2580 auscultet

205 2636 268 2693 quae
282 2618 390 2693 loquer.

86 2711 179 2792 Igitur
192 2714 284 2792 magis
294 2715 411 2772 modum
425 2715 455 2776 iu
469 2715 604 2792 majorem
616 2714 646 2772 iu
660 2733 722 2772 sese
733 2714 879 2790 concipiet

205 2821 321 2870 metum.
891 2818 937 2865 145

88 2906 185 2985 Agite,
208 2907 306 2984 pugni,
345 2908 413 2967 Jam
436 2909 533 2982 diu'st,
555 2908 630 2984 quod
654 2908 745 2966 ventri
769 2893 900 2990 'victum'

203 3023 263 3062 nou
277 3005 366 3064 datis!
