2138 3386
130 205 172 266 ⁹⁰
313 205 317 211 ’
348 220 554 268 emmanue
582 222 646 268 Aer.
661 221 691 266 v.
710 223 789 268 seu.
804 224 825 268 1.

145 375 178 424 50
189 366 346 444 Pestquam
365 371 476 447 peperit
487 391 602 448 pueros,
616 372 712 432 lavere
728 372 814 449 jussit
826 391 888 430 nos
931 371 993 430 Oc-

308 469 455 542 caepimus.

190 564 250 622 Sed
268 584 339 640 puer
360 565 408 623 iile
428 585 514 640 quern
533 584 590 643 ego
608 565 676 638 lari,
697 577 729 623 ut
749 585 870 644 magnus
890 577 946 638 est,
960 579 990 625 et

309 663 430 719 muitum
445 663 535 720 rdet!

189 758 294 834 Neque
317 778 383 816 eum
410 759 561 835 quisquam
588 759 727 837 colligare
749 760 841 836 quivit
867 760 991 818 incuna-

308 857 391 915 bulis.

189 954 255 1012 Am.
276 954 378 1012 Nimia
397 954 470 1011 mira
489 972 647 1012 memoras:
668 955 693 1012 si
713 955 814 1014 isthec
827 973 894 1012 vera
907 965 988 1027 sunt,

307 1053 446 1109 divinitus

188 1149 219 1206 N
221 1167 258 1206 on
273 1162 370 1208 metuo
383 1150 453 1225 quin
468 1169 539 1207 meae
553 1149 637 1206 uxori
650 1149 714 1206 latae
728 1148 865 1225 suppetiae
880 1147 966 1206 sient

144 1245 245 1304 ssBr.
267 1246 364 1323 Magis
380 1248 438 1323 jam
461 1246 526 1305 faxo
546 1248 619 1304 mua
637 1247 726 1304 dices.
776 1246 934 1322 Postquam
956 1247 987 1303 in

306 1363 397 1400 cunas
410 1344 577 1415 conditu'st,

188 1439 331 1497 Devolant
353 1461 461 1518 angues
481 1441 574 1519 jubati
598 1440 733 1498 deorsum
760 1439 790 1498 in
815 1439 986 1516 impluvium

306 1537 365 1593 duo

188 1633 337 1692 Maxumi:
357 1635 497 1693 continuo
517 1634 659 1693 extollunt
673 1635 758 1692 ambo
772 1633 875 1710 capita.
916 1631 984 1693 Aua

307 1731 365 1789 Hei
380 1732 466 1789 mihi!

190 1827 244 1886 Br.
265 1828 313 1887 Ne
325 1848 406 1905 pave.
448 1829 507 1886 Sed
522 1848 631 1906 angues
644 1829 738 1886 ocuiis
751 1828 846 1886 omnis
860 1828 987 1886 'circurn-

305 1945 405 1984 visere.

187 2022 342 2099 Postquam
361 2041 466 2099 pueros
490 2022 661 2099 conspicati,
680 2034 805 2102 pergunt
829 2023 865 2082 ad
891 2042 986 2084 cunas

306 2121 365 2179 citi.
964 2122 967 2128 ’

142 2224 174 2276 60
187 2218 252 2296 Ego
273 2237 363 2276 cunas
383 2217 518 2276 recessim
540 2235 653 2274 rursum
675 2237 789 2276 vorsum
815 2219 930 2278 trahere
955 2233 985 2278 et

304 2315 420 2386 ducere,

186 2412 322 2472 Metuens
335 2413 441 2490 pueris,
453 2413 524 2470 mihi
535 2412 708 2470 formidans:
723 2423 861 2489 tantoque
873 2433 985 2492 angues

150 2577 153 2582 Δ
305 2511 400 2569 acrius

186 2608 332 2684 Persequi.
374 2608 530 2683 Postquam
551 2607 700 2684 conspexit
722 2627 830 2684 angues
846 2607 896 2667 'alle
911 2609 984 2667 alter

325 2725 385 2777 uer,

186 2803 271 2861 Citus
292 2725 412 2860 epcunis
432 2801 522 2872 exilit,
537 2800 607 2858 iacit
626 2813 707 2858 recta
725 2801 755 2858 in
770 2802 872 2880 anguis
893 2802 984 2879 impe-

304 2909 364 2956 tum
375 2919 382 2956 :

186 2992 320 3053 Alterum
334 2997 423 3054 alteri
438 2994 623 3070 apprehendit
636 3013 687 3054 eos
700 3013 789 3052 manu
801 2995 969 3070 perniciter.
