<?xml version="1.0" encoding="UTF-8"?>
<!DOCTYPE html PUBLIC "-//W3C//DTD XHTML 1.0 Transitional//EN"
    "http://www.w3.org/TR/xhtml1/DTD/xhtml1-transitional.dtd">
<html xmlns="http://www.w3.org/1999/xhtml" xml:lang="en" lang="en">
 <head>
  <title>
</title>
<meta http-equiv="Content-Type" content="text/html;charset=utf-8" />
  <meta name='ocr-system' content='tesseract 3.04.00' />
  <meta name='ocr-capabilities' content='ocr_page ocr_carea ocr_par ocr_line ocrx_word'/>
</head>
<body>
  <div class='ocr_page' id='page_1' title='image "./macciiplautiamp00dillgoog/macciiplautiamp00dillgoog_0024.png"; bbox 0 0 2138 3386; ppageno 0'>
   <div class='ocr_carea' id='block_1_1' title="bbox 268 257 946 314">
    <p class='ocr_par' dir='ltr' id='par_1_1' title="bbox 268 257 946 314">
     <span class='ocr_line' id='line_1_1' title="bbox 268 257 946 314; baseline -0.001 -1"><span class='ocrx_word' id='word_1_1' title='bbox 268 267 470 314; x_wconf 76' lang='lat' dir='ltr'>AMPHITRUO.</span> <span class='ocrx_word' id='word_1_2' title='bbox 499 269 561 313; x_wconf 76' lang='lat' dir='ltr'>Aca.</span> <span class='ocrx_word' id='word_1_3' title='bbox 577 266 595 313; x_wconf 87' lang='lat' dir='ltr'>t.</span> <span class='ocrx_word' id='word_1_4' title='bbox 616 269 693 314; x_wconf 73' lang='lat' dir='ltr'>Seru.</span> <span class='ocrx_word' id='word_1_5' title='bbox 710 269 729 312; x_wconf 88' lang='grc' dir='ltr'>Ι.</span> <span class='ocrx_word' id='word_1_6' title='bbox 911 257 946 312; x_wconf 85' lang='grc'>15</span> 
     </span>
    </p>
   </div>
   <div class='ocr_carea' id='block_1_2' title="bbox 96 413 943 976">
    <p class='ocr_par' dir='ltr' id='par_1_2' title="bbox 98 413 760 494">
     <span class='ocr_line' id='line_1_2' title="bbox 98 413 760 494; baseline 0.005 -23"><span class='ocrx_word' id='word_1_7' title='bbox 98 413 137 472; x_wconf 82' lang='lat' dir='ltr'>Et</span> <span class='ocrx_word' id='word_1_8' title='bbox 150 434 257 486; x_wconf 83' lang='lat' dir='ltr'>servus,</span> <span class='ocrx_word' id='word_1_9' title='bbox 273 417 354 493; x_wconf 86' lang='lat' dir='ltr'>cujus</span> <span class='ocrx_word' id='word_1_10' title='bbox 368 434 422 493; x_wconf 85' lang='lat' dir='ltr'>ego</span> <span class='ocrx_word' id='word_1_11' title='bbox 437 415 510 473; x_wconf 86' lang='lat' dir='ltr'>hanc</span> <span class='ocrx_word' id='word_1_12' title='bbox 525 417 585 474; x_wconf 85' lang='lat' dir='ltr'>fero</span> <span class='ocrx_word' id='word_1_13' title='bbox 599 417 760 494; x_wconf 81' lang='lat' dir='ltr'>imaginem.</span> 
     </span>
    </p>

    <p class='ocr_par' dir='ltr' id='par_1_3' title="bbox 97 511 738 588">
     <span class='ocr_line' id='line_1_3' title="bbox 97 511 738 588; baseline 0.005 -20"><span class='ocrx_word' id='word_1_14' title='bbox 97 511 186 569; x_wconf 90' lang='lat' dir='ltr'>Nunc</span> <span class='ocrx_word' id='word_1_15' title='bbox 200 511 358 572; x_wconf 86' lang='lat' dir='ltr'>intermisse</span> <span class='ocrx_word' id='word_1_16' title='bbox 372 523 403 570; x_wconf 88' lang='lat' dir='ltr'>ut</span> <span class='ocrx_word' id='word_1_17' title='bbox 416 533 469 570; x_wconf 87' lang='lat' dir='ltr'>nos</span> <span class='ocrx_word' id='word_1_18' title='bbox 482 515 596 588; x_wconf 82' lang='lat' dir='ltr'>possitis</span> <span class='ocrx_word' id='word_1_19' title='bbox 610 513 738 583; x_wconf 81' lang='lat' dir='ltr'>facilius;</span> 
     </span>
    </p>

    <p class='ocr_par' dir='ltr' id='par_1_4' title="bbox 97 607 831 686">
     <span class='ocr_line' id='line_1_4' title="bbox 97 607 831 686; baseline 0.004 -21"><span class='ocrx_word' id='word_1_20' title='bbox 97 607 161 686; x_wconf 86' lang='lat' dir='ltr'>Ego</span> <span class='ocrx_word' id='word_1_21' title='bbox 176 609 227 666; x_wconf 82' lang='lat' dir='ltr'>hae</span> <span class='ocrx_word' id='word_1_22' title='bbox 241 609 351 667; x_wconf 88' lang='lat' dir='ltr'>habebo</span> <span class='ocrx_word' id='word_1_23' title='bbox 365 609 413 667; x_wconf 88' lang='lat' dir='ltr'>hic</span> <span class='ocrx_word' id='word_1_24' title='bbox 427 629 515 685; x_wconf 87' lang='lat' dir='ltr'>usquc</span> <span class='ocrx_word' id='word_1_25' title='bbox 529 611 558 668; x_wconf 92' lang='lat' dir='ltr'>in</span> <span class='ocrx_word' id='word_1_26' title='bbox 572 621 670 686; x_wconf 88' lang='lat' dir='ltr'>petaso</span> <span class='ocrx_word' id='word_1_27' title='bbox 684 610 831 686; x_wconf 86' lang='lat' dir='ltr'>pinnulas;</span> 
     </span>
    </p>

    <p class='ocr_par' dir='ltr' id='par_1_5' title="bbox 96 704 786 782">
     <span class='ocr_line' id='line_1_5' title="bbox 96 704 786 782; baseline 0.004 -21"><span class='ocrx_word' id='word_1_28' title='bbox 96 704 175 762; x_wconf 88' lang='lat' dir='ltr'>Tum</span> <span class='ocrx_word' id='word_1_29' title='bbox 190 724 254 763; x_wconf 91' lang='lat' dir='ltr'>meo</span> <span class='ocrx_word' id='word_1_30' title='bbox 267 705 339 782; x_wconf 87' lang='lat' dir='ltr'>patri</span> <span class='ocrx_word' id='word_1_31' title='bbox 355 719 446 764; x_wconf 90' lang='lat' dir='ltr'>autem</span> <span class='ocrx_word' id='word_1_32' title='bbox 462 706 571 765; x_wconf 86' lang='lat' dir='ltr'>torulus</span> <span class='ocrx_word' id='word_1_33' title='bbox 586 707 670 764; x_wconf 84' lang='lat' dir='ltr'>inerit</span> <span class='ocrx_word' id='word_1_34' title='bbox 684 725 786 764; x_wconf 86' lang='lat' dir='ltr'>aureus</span> 
     </span>
    </p>

    <p class='ocr_par' dir='ltr' id='par_1_6' title="bbox 97 803 943 976">
     <span class='ocr_line' id='line_1_6' title="bbox 98 803 943 880; baseline 0.004 -22"><span class='ocrx_word' id='word_1_35' title='bbox 98 803 158 858; x_wconf 88' lang='lat' dir='ltr'>Sub</span> <span class='ocrx_word' id='word_1_36' title='bbox 171 813 286 878; x_wconf 87' lang='lat' dir='ltr'>petaso:</span> <span class='ocrx_word' id='word_1_37' title='bbox 308 803 336 860; x_wconf 93' lang='lat' dir='ltr'>id</span> <span class='ocrx_word' id='word_1_38' title='bbox 351 803 462 879; x_wconf 84' lang='lat' dir='ltr'>siguum</span> <span class='ocrx_word' id='word_1_39' title='bbox 478 804 681 880; x_wconf 80' lang='lat' dir='ltr'>Amphitruoni</span> <span class='ocrx_word' id='word_1_40' title='bbox 696 822 753 861; x_wconf 90' lang='lat' dir='ltr'>nou</span> <span class='ocrx_word' id='word_1_41' title='bbox 768 805 829 862; x_wconf 90' lang='lat' dir='ltr'>erit.</span> <span class='ocrx_word' id='word_1_42' title='bbox 896 805 943 855; x_wconf 80' lang='grc'>145</span> 
     </span>
     <span class='ocr_line' id='line_1_7' title="bbox 97 899 644 976; baseline 0.004 -20"><span class='ocrx_word' id='word_1_43' title='bbox 97 899 140 957; x_wconf 89' lang='lat' dir='ltr'>Ea</span> <span class='ocrx_word' id='word_1_44' title='bbox 153 900 234 976; x_wconf 85' lang='lat' dir='ltr'>sigua</span> <span class='ocrx_word' id='word_1_45' title='bbox 250 917 334 957; x_wconf 89' lang='lat' dir='ltr'>nemo</span> <span class='ocrx_word' id='word_1_46' title='bbox 347 901 447 958; x_wconf 88' lang='lat' dir='ltr'>horum</span> <span class='ocrx_word' id='word_1_47' title='bbox 463 901 644 958; x_wconf 81' lang='lat' dir='ltr'>familiarium</span> 
     </span>
    </p>
   </div>
   <div class='ocr_carea' id='block_1_3' title="bbox 6 987 670 1073">
    <p class='ocr_par' dir='ltr' id='par_1_7' title="bbox 6 987 670 1073">
     <span class='ocr_line' id='line_1_8' title="bbox 6 987 670 1073; baseline 0.005 -20"><span class='ocrx_word' id='word_1_48' title='bbox 6 987 9 994; x_wconf 69' lang='grc'><strong>’</strong></span> <span class='ocrx_word' id='word_1_49' title='bbox 96 996 203 1054; x_wconf 87' lang='lat' dir='ltr'>Videre</span> <span class='ocrx_word' id='word_1_50' title='bbox 216 997 335 1073; x_wconf 87' lang='lat' dir='ltr'>poterit:</span> <span class='ocrx_word' id='word_1_51' title='bbox 357 1017 454 1055; x_wconf 88' lang='lat' dir='ltr'>verum</span> <span class='ocrx_word' id='word_1_52' title='bbox 468 1018 517 1054; x_wconf 83' lang='lat' dir='ltr'>vos</span> <span class='ocrx_word' id='word_1_53' title='bbox 531 998 670 1058; x_wconf 86' lang='lat' dir='ltr'>videbitis.</span> 
     </span>
    </p>
   </div>
   <div class='ocr_carea' id='block_1_4' title="bbox 94 1092 941 1554">
    <p class='ocr_par' dir='ltr' id='par_1_8' title="bbox 96 1092 734 1168">
     <span class='ocr_line' id='line_1_9' title="bbox 96 1092 734 1168; baseline 0.005 -19"><span class='ocrx_word' id='word_1_54' title='bbox 96 1092 154 1150; x_wconf 89' lang='lat' dir='ltr'>Sed</span> <span class='ocrx_word' id='word_1_55' title='bbox 170 1092 387 1168; x_wconf 82' lang='lat' dir='ltr'>Amphitruonis</span> <span class='ocrx_word' id='word_1_56' title='bbox 401 1094 460 1150; x_wconf 79' lang='lat' dir='ltr'>illic</span> <span class='ocrx_word' id='word_1_57' title='bbox 474 1104 517 1151; x_wconf 90' lang='lat' dir='ltr'>est</span> <span class='ocrx_word' id='word_1_58' title='bbox 530 1111 627 1152; x_wconf 80' lang='lat' dir='ltr'>servus</span> <span class='ocrx_word' id='word_1_59' title='bbox 642 1095 734 1166; x_wconf 88' lang='lat' dir='ltr'>Sosia,</span> 
     </span>
    </p>

    <p class='ocr_par' dir='ltr' id='par_1_9' title="bbox 96 1187 724 1264">
     <span class='ocr_line' id='line_1_10' title="bbox 96 1187 724 1264; baseline 0.01 -21"><span class='ocrx_word' id='word_1_60' title='bbox 96 1189 123 1244; x_wconf 86' lang='grc' dir='ltr'>Α</span> <span class='ocrx_word' id='word_1_61' title='bbox 137 1200 220 1264; x_wconf 86' lang='lat' dir='ltr'>portu</span> <span class='ocrx_word' id='word_1_62' title='bbox 237 1187 295 1246; x_wconf 84' lang='lat' dir='ltr'>illic</span> <span class='ocrx_word' id='word_1_63' title='bbox 310 1209 386 1246; x_wconf 90' lang='lat' dir='ltr'>nunc</span> <span class='ocrx_word' id='word_1_64' title='bbox 401 1209 467 1246; x_wconf 90' lang='lat' dir='ltr'>cum</span> <span class='ocrx_word' id='word_1_65' title='bbox 482 1191 590 1247; x_wconf 71' lang='lat' dir='ltr'>laterna</span> <span class='ocrx_word' id='word_1_66' title='bbox 604 1191 724 1249; x_wconf 85' lang='lat' dir='ltr'>advenit.</span> 
     </span>
    </p>

    <p class='ocr_par' dir='ltr' id='par_1_10' title="bbox 94 1283 941 1554">
     <span class='ocr_line' id='line_1_11' title="bbox 95 1283 941 1362; baseline 0.007 -22"><span class='ocrx_word' id='word_1_67' title='bbox 95 1283 221 1362; x_wconf 78' lang='lat' dir='ltr'>Abigam</span> <span class='ocrx_word' id='word_1_68' title='bbox 233 1285 291 1360; x_wconf 87' lang='lat' dir='ltr'>jam</span> <span class='ocrx_word' id='word_1_69' title='bbox 306 1303 360 1362; x_wconf 81' lang='lat' dir='ltr'>ego</span> <span class='ocrx_word' id='word_1_70' title='bbox 374 1286 453 1342; x_wconf 85' lang='lat' dir='ltr'>illum</span> <span class='ocrx_word' id='word_1_71' title='bbox 469 1287 664 1344; x_wconf 86' lang='lat' dir='ltr'>advenientem</span> <span class='ocrx_word' id='word_1_72' title='bbox 680 1290 714 1345; x_wconf 88' lang='lat' dir='ltr'>ab</span> <span class='ocrx_word' id='word_1_73' title='bbox 729 1289 845 1346; x_wconf 81' lang='lat' dir='ltr'>aedibus.</span> <span class='ocrx_word' id='word_1_74' title='bbox 894 1285 941 1337; x_wconf 78' lang='lat'>15⁰</span> 
     </span>
     <span class='ocr_line' id='line_1_12' title="bbox 94 1381 848 1459; baseline 0.007 -22"><span class='ocrx_word' id='word_1_75' title='bbox 94 1381 203 1438; x_wconf 83' lang='lat' dir='ltr'><strong>Adest:</strong></span> <span class='ocrx_word' id='word_1_76' title='bbox 227 1381 297 1439; x_wconf 81' lang='lat' dir='ltr'>ferit.</span> <span class='ocrx_word' id='word_1_77' title='bbox 339 1381 442 1456; x_wconf 83' lang='lat' dir='ltr'>Operae</span> <span class='ocrx_word' id='word_1_78' title='bbox 456 1383 577 1459; x_wconf 88' lang='lat' dir='ltr'>pretium</span> <span class='ocrx_word' id='word_1_79' title='bbox 593 1383 639 1440; x_wconf 90' lang='lat' dir='ltr'>hic</span> <span class='ocrx_word' id='word_1_80' title='bbox 654 1386 848 1459; x_wconf 82' lang='lat' dir='ltr'>spectantibus</span> 
     </span>
     <span class='ocr_line' id='line_1_13' title="bbox 94 1477 795 1554; baseline 0.007 -20"><span class='ocrx_word' id='word_1_81' title='bbox 94 1477 196 1536; x_wconf 86' lang='lat' dir='ltr'>Jovem</span> <span class='ocrx_word' id='word_1_82' title='bbox 212 1487 295 1554; x_wconf 88' lang='lat' dir='ltr'>atque</span> <span class='ocrx_word' id='word_1_83' title='bbox 309 1477 486 1536; x_wconf 78' lang='lat' dir='ltr'>Mercurium</span> <span class='ocrx_word' id='word_1_84' title='bbox 501 1480 594 1537; x_wconf 85' lang='lat' dir='ltr'>facere</span> <span class='ocrx_word' id='word_1_85' title='bbox 609 1481 795 1539; x_wconf 87' lang='lat' dir='ltr'>histrioniam.</span> 
     </span>
    </p>
   </div>
   <div class='ocr_carea' id='block_1_5' title="bbox 315 1777 660 1834">
    <p class='ocr_par' dir='ltr' id='par_1_11' title="bbox 315 1777 660 1834">
     <span class='ocr_line' id='line_1_14' title="bbox 315 1777 660 1834; baseline 0.006 -2"><span class='ocrx_word' id='word_1_86' title='bbox 315 1777 437 1832; x_wconf 82' lang='lat' dir='ltr'>ACTUS</span> <span class='ocrx_word' id='word_1_87' title='bbox 455 1779 476 1833; x_wconf 92' lang='lat' dir='ltr'>l.</span> <span class='ocrx_word' id='word_1_88' title='bbox 500 1779 621 1833; x_wconf 78' lang='lat' dir='ltr'>scuNA</span> <span class='ocrx_word' id='word_1_89' title='bbox 639 1780 660 1834; x_wconf 88' lang='lat' dir='ltr'>l.</span> 
     </span>
    </p>
   </div>
   <div class='ocr_carea' id='block_1_6' title="bbox 328 1965 645 2024">
    <p class='ocr_par' dir='ltr' id='par_1_12' title="bbox 328 1965 645 2024">
     <span class='ocr_line' id='line_1_15' title="bbox 328 1965 645 2024; baseline 0.009 -3"><span class='ocrx_word' id='word_1_90' title='bbox 328 1965 427 2023; x_wconf 80' lang='lat' dir='ltr'>Sosm.</span> <span class='ocrx_word' id='word_1_91' title='bbox 456 1965 645 2024; x_wconf 78' lang='lat' dir='ltr'>Mencumus.</span> 
     </span>
    </p>
   </div>
   <div class='ocr_carea' id='block_1_7' title="bbox 131 2156 879 2312">
    <p class='ocr_par' dir='ltr' id='par_1_13' title="bbox 131 2156 879 2312">
     <span class='ocr_line' id='line_1_16' title="bbox 131 2156 879 2240; baseline 0.009 -26"><span class='ocrx_word' id='word_1_92' title='bbox 131 2156 180 2214; x_wconf 75' lang='lat' dir='ltr'>So.</span> <span class='ocrx_word' id='word_1_93' title='bbox 208 2157 271 2218; x_wconf 79' lang='lat' dir='ltr'>Qut</span> <span class='ocrx_word' id='word_1_94' title='bbox 292 2177 338 2215; x_wconf 94' lang='lat' dir='ltr'>me</span> <span class='ocrx_word' id='word_1_95' title='bbox 355 2159 423 2216; x_wconf 86' lang='lat' dir='ltr'>alter</span> <span class='ocrx_word' id='word_1_96' title='bbox 437 2169 480 2218; x_wconf 87' lang='lat' dir='ltr'>est</span> <span class='ocrx_word' id='word_1_97' title='bbox 495 2159 628 2217; x_wconf 79' lang='lat' dir='ltr'>audacior</span> <span class='ocrx_word' id='word_1_98' title='bbox 642 2161 748 2220; x_wconf 72' lang='lat' dir='ltr'>homo?</span> <span class='ocrx_word' id='word_1_99' title='bbox 769 2174 816 2220; x_wconf 89' lang='lat' dir='ltr'>aut</span> <span class='ocrx_word' id='word_1_100' title='bbox 831 2163 879 2240; x_wconf 92' lang='lat' dir='ltr'>qui</span> 
     </span>
     <span class='ocr_line' id='line_1_17' title="bbox 211 2253 477 2312; baseline 0.008 -3"><span class='ocrx_word' id='word_1_101' title='bbox 211 2272 256 2310; x_wconf 86' lang='lat' dir='ltr'>me</span> <span class='ocrx_word' id='word_1_102' title='bbox 270 2253 477 2312; x_wconf 68' lang='lat' dir='ltr'>confidentior?</span> 
     </span>
    </p>
   </div>
   <div class='ocr_carea' id='block_1_8' title="bbox 89 2347 905 3098">
    <p class='ocr_par' dir='ltr' id='par_1_14' title="bbox 91 2347 879 2504">
     <span class='ocr_line' id='line_1_18' title="bbox 91 2347 879 2429; baseline 0.01 -24"><span class='ocrx_word' id='word_1_103' title='bbox 91 2347 110 2405; x_wconf 93' lang='lat' dir='ltr'>J</span> <span class='ocrx_word' id='word_1_104' title='bbox 112 2349 256 2406; x_wconf 81' lang='lat' dir='ltr'>urentutis</span> <span class='ocrx_word' id='word_1_105' title='bbox 269 2369 361 2407; x_wconf 89' lang='lat' dir='ltr'>mores</span> <span class='ocrx_word' id='word_1_106' title='bbox 372 2350 421 2425; x_wconf 90' lang='lat' dir='ltr'>qui</span> <span class='ocrx_word' id='word_1_107' title='bbox 435 2351 540 2409; x_wconf 82' lang='lat' dir='ltr'>sciam:</span> <span class='ocrx_word' id='word_1_108' title='bbox 562 2353 610 2429; x_wconf 91' lang='lat' dir='ltr'>qui</span> <span class='ocrx_word' id='word_1_109' title='bbox 625 2353 680 2411; x_wconf 87' lang='lat' dir='ltr'>hoc</span> <span class='ocrx_word' id='word_1_110' title='bbox 694 2355 787 2412; x_wconf 86' lang='lat' dir='ltr'>noctis</span> <span class='ocrx_word' id='word_1_111' title='bbox 802 2356 879 2414; x_wconf 75' lang='lat' dir='ltr'>aolus</span> 
     </span>
     <span class='ocr_line' id='line_1_19' title="bbox 211 2446 372 2504; baseline 0.012 -2"><span class='ocrx_word' id='word_1_112' title='bbox 211 2446 372 2504; x_wconf 77' lang='lat' dir='ltr'>ambulemi</span> 
     </span>
    </p>

    <p class='ocr_par' dir='ltr' id='par_1_15' title="bbox 89 2541 877 2716">
     <span class='ocr_line' id='line_1_20' title="bbox 89 2541 877 2613; baseline 0.009 -13"><span class='ocrx_word' id='word_1_113' title='bbox 89 2541 172 2604; x_wconf 80' lang='lat' dir='ltr'>Quid</span> <span class='ocrx_word' id='word_1_114' title='bbox 194 2541 296 2599; x_wconf 84' lang='lat' dir='ltr'>faciam</span> <span class='ocrx_word' id='word_1_115' title='bbox 316 2561 403 2613; x_wconf 88' lang='lat' dir='ltr'>nunc,</span> <span class='ocrx_word' id='word_1_116' title='bbox 424 2542 448 2601; x_wconf 82' lang='lat' dir='ltr'>si</span> <span class='ocrx_word' id='word_1_117' title='bbox 468 2543 596 2603; x_wconf 84' lang='lat' dir='ltr'>Tresviri</span> <span class='ocrx_word' id='word_1_118' title='bbox 616 2565 662 2604; x_wconf 92' lang='lat' dir='ltr'>me</span> <span class='ocrx_word' id='word_1_119' title='bbox 683 2547 712 2604; x_wconf 88' lang='lat' dir='ltr'>iu</span> <span class='ocrx_word' id='word_1_120' title='bbox 733 2567 877 2607; x_wconf 88' lang='lat' dir='ltr'>carcerem</span> 
     </span>
     <span class='ocr_line' id='line_1_21' title="bbox 210 2639 423 2716; baseline 0.009 -22"><span class='ocrx_word' id='word_1_121' title='bbox 210 2639 423 2716; x_wconf 76' lang='lat' dir='ltr'>compegerinti</span> 
     </span>
    </p>

    <p class='ocr_par' dir='ltr' id='par_1_16' title="bbox 89 2732 878 2906">
     <span class='ocr_line' id='line_1_22' title="bbox 89 2732 878 2814; baseline 0.013 -25"><span class='ocrx_word' id='word_1_122' title='bbox 89 2732 162 2790; x_wconf 87' lang='lat' dir='ltr'>Inde</span> <span class='ocrx_word' id='word_1_123' title='bbox 185 2751 248 2790; x_wconf 79' lang='lat' dir='ltr'>crae</span> <span class='ocrx_word' id='word_1_124' title='bbox 265 2752 281 2791; x_wconf 87' lang='lat' dir='ltr'>e</span> <span class='ocrx_word' id='word_1_125' title='bbox 299 2735 491 2810; x_wconf 66' lang='lat' dir='ltr'>promptuarii</span> <span class='ocrx_word' id='word_1_126' title='bbox 511 2737 584 2796; x_wconf 66' lang='lat' dir='ltr'>ceila</span> <span class='ocrx_word' id='word_1_127' title='bbox 604 2738 753 2814; x_wconf 85' lang='lat' dir='ltr'>depromar</span> <span class='ocrx_word' id='word_1_128' title='bbox 774 2742 808 2798; x_wconf 92' lang='lat' dir='ltr'>ad</span> <span class='ocrx_word' id='word_1_129' title='bbox 830 2741 878 2800; x_wconf 88' lang='lat' dir='ltr'>fla·</span> 
     </span>
     <span class='ocr_line' id='line_1_23' title="bbox 208 2831 310 2906; baseline 0.02 -21"><span class='ocrx_word' id='word_1_130' title='bbox 208 2831 310 2906; x_wconf 69' lang='lat' dir='ltr'>grum?</span> 
     </span>
    </p>

    <p class='ocr_par' dir='ltr' id='par_1_17' title="bbox 89 2923 905 3098">
     <span class='ocr_line' id='line_1_24' title="bbox 89 2923 877 3004; baseline 0.008 -22"><span class='ocrx_word' id='word_1_131' title='bbox 89 2923 157 2982; x_wconf 88' lang='lat' dir='ltr'>Nec</span> <span class='ocrx_word' id='word_1_132' title='bbox 176 2943 305 2982; x_wconf 86' lang='lat' dir='ltr'>caussam</span> <span class='ocrx_word' id='word_1_133' title='bbox 325 2926 410 2984; x_wconf 78' lang='lat' dir='ltr'>liceat</span> <span class='ocrx_word' id='word_1_134' title='bbox 430 2927 526 2985; x_wconf 87' lang='lat' dir='ltr'>dicere</span> <span class='ocrx_word' id='word_1_135' title='bbox 547 2929 626 3000; x_wconf 86' lang='lat' dir='ltr'>mihi,</span> <span class='ocrx_word' id='word_1_136' title='bbox 645 2949 737 3004; x_wconf 85' lang='lat' dir='ltr'>neque</span> <span class='ocrx_word' id='word_1_137' title='bbox 758 2932 786 2988; x_wconf 90' lang='lat' dir='ltr'>iu</span> <span class='ocrx_word' id='word_1_138' title='bbox 807 2932 877 2989; x_wconf 85' lang='lat' dir='ltr'>herc</span> 
     </span>
     <span class='ocr_line' id='line_1_25' title="bbox 209 3021 905 3098; baseline 0.009 -21"><span class='ocrx_word' id='word_1_139' title='bbox 209 3021 360 3098; x_wconf 90' lang='lat' dir='ltr'>quicquam</span> <span class='ocrx_word' id='word_1_140' title='bbox 375 3023 472 3080; x_wconf 85' lang='lat' dir='ltr'>auxilii</span> <span class='ocrx_word' id='word_1_141' title='bbox 486 3024 559 3081; x_wconf 77' lang='lat' dir='ltr'>sieti</span> <span class='ocrx_word' id='word_1_142' title='bbox 887 3035 905 3083; x_wconf 78' lang='lat' dir='ltr'>t</span> 
     </span>
    </p>
   </div>
   <div class='ocr_carea' id='block_1_9' title="bbox 0 0 1074 3386">
    <p class='ocr_par' dir='ltr' id='par_1_18' title="bbox 0 0 1074 3386">
     <span class='ocr_line' id='line_1_26' title="bbox 0 0 1074 3386; baseline 0 3"><span class='ocrx_word' id='word_1_143' title='bbox 0 0 1074 3386; x_wconf 95' lang='lat' dir='ltr'> </span> 
     </span>
    </p>
   </div>
  </div>
 </body>
</html>
