2138 3386
257 223 460 270 AMPHITRUO.
490 222 552 268 Aci.
568 221 609 268 ιν.
629 221 742 268 scm
910 210 947 268 71

98 372 218 450 Aperite
232 372 296 430 hoo.
335 372 426 444 Heus,
439 372 538 448 ecquis
548 371 597 430 hio
610 372 673 430 esti
714 369 824 448 Ecquis
834 368 891 428 hoe

218 471 308 547 aperit
321 469 445 528 ostium?

402 769 527 824 scENA
555 769 589 824 II.

289 957 479 1018 Mnncumus.
508 957 704 1015 Ammon.

136 1150 195 1210 Me.
216 1151 296 1214 Quis
312 1151 347 1209 ad
362 1150 432 1210 soris
444 1152 507 1209 esti
547 1149 612 1208 Am.
628 1148 700 1227 vEgo
720 1167 791 1206 sum.
833 1146 891 1206 Me.

217 1248 310 1320 Quid,
330 1267 385 1325 ego
405 1249 491 1306 sumi
531 1246 596 1305 Am.
618 1246 664 1305 Ita
682 1246 792 1322 loquor.
832 1243 890 1304 Me.

216 1343 289 1402 Tibi
303 1345 434 1421 iuppiter

98 1439 197 1518 Dique
220 1461 320 1500 omnes
345 1441 408 1500 irati
436 1451 515 1500 certo
538 1450 615 1512 sunt,
639 1439 688 1516 qui
712 1439 755 1497 sio
778 1438 893 1516 frangas

219 1539 300 1596 sores.

99 1635 165 1695 Am.
194 1635 266 1698 Quo
289 1635 415 1693 modoi·
442 1635 499 1694 Me.
521 1634 567 1693 Eo
591 1633 686 1706 modo,
710 1643 742 1690 ut
764 1631 895 1708 profecto

219 1732 296 1789 vivas
310 1742 421 1790 aetatem
437 1731 530 1789 miser.

100 1828 167 1888 Am.
197 1829 288 1887 Sosia„
336 1829 393 1887 Me.
422 1828 469 1886 Ita
490 1847 553 1886 sum
574 1827 668 1900 Sosia,
689 1825 745 1884 nisi
766 1843 812 1883 me
832 1842 896 1884 esse

220 1926 341 1984 oblitum
355 1925 507 1984 existimas.

100 2022 184 2085 Quid
205 2043 284 2081 nunc
306 2023 368 2081 visi
415 2021 481 2080 Am.
506 2023 646 2093 sceleste,
668 2030 697 2079 at
718 2020 805 2079 etiam
826 2016 896 2095 quid

220 2120 315 2192 velim,
330 2119 359 2177 id
372 2133 404 2177 tu
418 2139 464 2177 me
478 2120 581 2196 rogas?
907 2111 923 2160 ⁶

100 2215 159 2275 Me.
190 2214 236 2274 Ita
261 2235 340 2294 rogo.
400 2216 479 2275 Pene
505 2214 652 2293 effregisti,
676 2214 763 2287 fatue,
788 2213 896 2272 foribus

221 2314 361 2372 cardines.

102 2410 152 2468 An
167 2409 236 2470 foris
250 2411 387 2468 censebas
401 2409 485 2468 nobis
497 2409 653 2486 publicitus
666 2407 839 2486 praeberieri

101 2506 185 2570 Quid
206 2525 252 2564 me
273 2517 411 2583 aspectas,
431 2506 554 2565 stolidei
574 2505 643 2581 quid
663 2524 742 2564 nunc
761 2503 804 2562 vis
823 2502 896 2561 tibi‘i

224 2612 271 2661 aut
284 2605 347 2680 quis
361 2614 392 2661 tu
406 2622 447 2675 es,
462 2603 569 2660 homoi

101 2699 168 2759 Am.
191 2700 331 2770 Verbero,
353 2699 438 2757 etiam
461 2699 528 2779 quis
549 2717 604 2776 ego
625 2698 679 2757 sim
701 2717 748 2756 me
770 2695 897 2776 rogitas?

221 2796 364 2853 ulmorum
379 2797 539 2854 acheruusi

101 2892 202 2956 Quem
222 2892 270 2968 pol
291 2910 347 2970 ego
366 2892 453 2951 hodie
466 2895 504 2950 ob
518 2893 618 2952 isthaeo
632 2891 709 2949 dicta
727 2889 831 2950 faciam
845 2888 899 2946 fer·

223 3000 335 3048 ventem
351 2988 455 3066 flagris.
914 2986 943 3036 ¹⁰
