2150 3386
137 190 192 248 ltt
343 199 535 246 uuuULumu.
565 201 626 245 uer.
641 201 682 245 1v.
707 201 781 246 scus.
798 202 832 246 ιο.

193 333 254 406 Eu.
277 347 347 406 Nou
373 348 445 406 mibi
472 349 604 407 homines
629 350 753 426 placent,
780 350 840 426 qui,
869 350 983 426 quando

313 446 387 502 mule
401 447 541 517 lecerunt,
554 447 708 524 purgitunt.

193 539 242 598 'l'u
266 540 344 598 illurn
364 543 459 600 scibas
479 561 538 600 nou
558 553 636 600 tuam
657 561 738 600 esse:
767 560 825 600 nou
850 551 983 601 uttueturu

312 639 445 714 oportuit.

149 744 182 796 25
194 735 252 811 Ly.
275 733 354 811 Ergo
374 734 442 810 quia
461 753 525 792 sum
545 744 664 811 tangere
685 753 780 806 ausus,
795 734 871 792 baud
893 735 985 794 euusi·

310 829 380 885 lieor
394 829 463 904 quin
477 847 541 886 eam

194 923 260 1002 Ego
273 924 392 982 habeam
407 926 603 1000 potissumum.
644 924 704 983 Eu.
725 924 804 983 Tuu'
819 925 926 983 habeus
939 944 985 984 me

312 1021 402 1078 invito
416 1023 529 1078 meaml

194 1117 253 1194 Ly.
281 1117 368 1175 Haud
395 1127 425 1174 te
451 1116 540 1175 invito
566 1117 697 1193 postulo:
725 1117 775 1175 sed
802 1136 896 1176 meam
923 1135 985 1176 esse

311 1225 442 1289 oportere
457 1214 585 1271 arbitror.

193 1308 277 1372 Quin
296 1319 328 1367 tu
348 1329 410 1367 euru
433 1310 569 1380 iuvenies,
584 1309 710 1386 inquam,
724 1328 818 1367 meum
831 1310 910 1368 illum
924 1329 985 1368 esse

312 1417 452 1482 oportere,
467 1406 579 1464 Euclio.

195 1501 255 1560 L'u.
275 1502 344 1560 Nisi
365 1504 460 1560 refers.
516 1505 573 1580 Ly.
593 1502 676 1565 Quid
696 1503 748 1560 tibi
769 1521 824 1580 ego
843 1503 985 1561 reseruml

312 1598 372 1656 Eu.
393 1598 483 1662 Quod
497 1599 658 1674 surripuisti
672 1618 775 1656 meum.

152 1701 183 1752 ³⁰
196 1694 262 1753 Jum
281 1696 396 1772 quidem
421 1696 517 1753 hercle
540 1706 569 1753 te
593 1696 628 1752 ud
648 1707 795 1772 pretorem
817 1695 936 1772 rapiam,
957 1706 986 1754 et

312 1792 365 1850 tibi
378 1793 501 1850 scribam
516 1792 619 1850 dicam.

196 1889 254 1966 Ly.
277 1889 408 1964 Surripio
421 1907 476 1965 ego
490 1891 592 1946 tuuml
612 1889 708 1946 uudel
729 1899 777 1946 aut
790 1888 859 1963 quid
874 1888 904 1946 id
922 1891 987 1947 estl

313 1984 373 2043 Eu.
394 1984 481 2043 Itale
495 1985 600 2042 amabit
614 1985 755 2061 luppiter,

195 2081 235 2140 Ut
254 2091 284 2140 tu
306 2081 420 2140 neseisl
460 2081 518 2157 Ly.
540 2080 607 2138 Nisi
627 2080 742 2157 quidem
762 2091 793 2138 tu
814 2080 895 2152 mihi,
917 2080 987 2157 quid

313 2197 432 2253 queres,
447 2177 560 2235 dixeris.

196 2274 257 2334 Eu.
279 2274 384 2332 Aulum
405 2275 476 2345 auri,
497 2274 623 2350 iuquam,
644 2285 673 2331 te
695 2291 824 2349 reposco,
844 2291 931 2349 quum
955 2285 988 2332 tu

313 2371 461 2429 coufessus
475 2371 546 2427 mihi

196 2466 244 2526 'l'e
258 2467 414 2525 abstulisse.
456 2467 514 2543 Ly.
535 2466 639 2542 Neque
659 2467 759 2543 edepol
780 2485 835 2543 ego
855 2466 925 2538 dixi,
939 2486 990 2525 ue·

314 2563 447 2639 queseoi.
488 2561 548 2621 Eu.
569 2562 689 2640 Negusl

153 2665 185 2718 ab
197 2661 255 2737 Ly.
269 2660 400 2735 Pernego
420 2659 524 2715 immo:
545 2677 611 2716 num
632 2677 725 2734 neque
745 2676 800 2735 ego
814 2677 925 2730 eurum,
940 2677 990 2718 ne·

314 2773 369 2829 que
382 2754 462 2810 istaee
476 2753 540 2808 aulo
553 2772 616 2827 quse
630 2755 694 2824 siet,

199 2847 429 2920 Seio‚ueeuovi.
474 2846 529 2904 Eu.
551 2847 643 2919 Illum,
655 2867 690 2906 ex
700 2849 809 2906 Silvani
823 2850 891 2907 lueo
901 2869 989 2926 quum

317 2941 479 3010 abstuleras,
494 2941 574 2999 cedo.
