2138 3386
125 215 164 270 58
334 222 537 270 AMPHITRUO.
566 224 629 269 Aci.
644 221 675 268 11.
696 223 772 268 Scau.
788 222 809 267 2.

187 370 249 430 Am.
270 371 440 431 Perdidisti!
482 372 530 430 So.
550 372 631 435 Quid
645 371 697 430 tibi
711 373 774 430 estl
814 369 880 430 Am.
902 369 982 430 Hae

302 487 348 526 me
362 469 448 526 modo
462 469 497 526 sd
510 479 630 526 mortem
644 469 731 526 dedis

183 563 234 622 Al.
261 565 342 626 Quid
368 566 437 642 jam,
460 567 580 623 amabol
628 565 693 624 Am.
721 564 769 622 Ne
789 583 835 621 me
856 563 978 640 appella.

301 662 348 721 So.
369 664 451 726 Quid
466 664 518 722 tibi
532 665 594 721 estl
635 664 700 721 Am.
722 663 799 720 Perii
813 663 916 720 miser!

182 758 265 821 Quia
282 760 428 836 pudicitiae
450 761 534 838 hujus
546 759 647 818 vitium
668 779 713 818 me
733 760 781 817 hie
803 760 920 817 absente
934 769 980 816 est

303 856 438 916 additum.

125 959 171 1008 leo
184 952 233 1010 Al.
263 952 403 1025 Obsecro,
425 964 547 1027 ecastor,
571 971 623 1011 eur
647 953 731 1026 istuc,
753 953 793 1010 mi
815 951 867 1023 vir,
890 970 926 1010 ex
948 961 979 1010 te

302 1050 407 1109 audiol

183 1145 249 1204 Am.
270 1148 323 1204 Vir
337 1166 392 1225 ego
404 1158 471 1206 tuus
484 1147 559 1206 siml
579 1166 616 1205 ne
630 1165 676 1205 me
691 1147 802 1225 appella
815 1145 886 1206 falsd
902 1147 977 1206 salso

301 1246 424 1302 nomine.

183 1340 230 1399 So.
260 1340 359 1399 Haeret
380 1343 442 1398 haee
463 1361 524 1399 res:
549 1341 689 1417 siquidem
711 1342 773 1400 haee
791 1341 850 1419 jam
871 1343 976 1402 mulier

302 1438 376 1496 saeta
390 1441 424 1496 ’st
438 1456 474 1495 ex
486 1439 555 1496 viro.

183 1535 233 1593 Al.
253 1534 336 1597 Quid
351 1554 405 1612 ego
419 1536 484 1606 feei,
497 1555 553 1611 qua
566 1535 645 1594 istuc
659 1546 773 1612 propter
786 1537 864 1593 dicta
877 1536 977 1595 diean-

288 1643 346 1715 &tur
361 1631 451 1691 mihil

183 1727 240 1788 Am
270 1729 349 1787 Tute
363 1731 471 1788 edictas
492 1730 568 1788 saeta
586 1741 645 1802 tua,
660 1749 695 1788 ex
717 1749 761 1788 me
782 1729 885 1806 quaeris
905 1731 974 1806 quid
1053 1717 1054 1722 ἵ

300 1827 473 1902 deliqueris‘l

125 1927 171 1976 185
184 1922 232 1980 Al.
253 1923 335 1984 Quid
356 1941 411 1999 ego
431 1923 484 1980 tibi
505 1921 622 1998 deliqui,
637 1922 661 1980 si
676 1923 723 1979 cui
739 1933 826 1998 nupta
846 1941 919 1996 sum,
934 1935 976 1982 te·

302 2037 368 2075 eum
382 2019 443 2075 full

183 2113 248 2172 Am.
270 2114 347 2172 'I'un'
371 2133 483 2172 meeum
505 2114 611 2172 suerisl
632 2115 700 2189 quid
722 2115 788 2172 illae
809 2115 974 2192 impudente

242 2225 246 2232 “
302 2211 457 2269 audaciusl

183 2307 290 2366 Saltem
305 2317 375 2378 tute,
390 2308 413 2364 si
428 2307 544 2383 pudoris
557 2326 651 2384 egeas,
666 2327 761 2365 sumas
776 2319 914 2367 mutuum.

182 2402 232 2461 Al.
254 2403 333 2461 Istue
354 2404 475 2472 sasinus,
490 2404 566 2479 quod
586 2415 617 2461 tu
639 2405 795 2475 insimulas,
810 2417 907 2464 nostro
925 2423 973 2483 ge·

300 2500 362 2558 neri
377 2519 433 2557 non
448 2501 540 2558 decet.

183 2593 232 2651 Tu
247 2593 270 2650 si
285 2613 331 2651 me
345 2595 531 2670 impudicitiae
546 2605 653 2670 captus,
667 2613 725 2651 uon
740 2606 820 2670 potes
835 2615 945 2672 cupere

125 2698 171 2747 190
183 2689 248 2748 Am.
270 2689 346 2747 Proh
360 2689 390 2747 di
410 2691 600 2750 immonslesl
622 2693 787 2768 cognoscin’
803 2702 834 2748 tu
856 2711 901 2750 me
920 2693 973 2751 sul·

301 2797 368 2856 tem,
384 2786 486 2844 Sosiul

184 2881 233 2940 So.
257 2881 474 2958 Propemodum.
524 2883 590 2941 Am.
616 2882 763 2941 Ooenavin'
785 2903 840 2961 ego
861 2885 921 2943 heri
941 2885 970 2944 in

301 2979 365 3038 navi
380 2981 506 3056 inportu
520 2979 657 3039 Persieol
