2138 3386
123 217 163 275 92
338 231 542 279 mammo.
573 235 634 279 Αοτ.
650 232 678 278 v.
698 233 775 278 scu.
788 232 812 278 ι

486 486 609 541 SCENA
632 485 666 540 ΙΙ.

496 670 514 728 J
518 691 654 730 mma.

220 865 304 924 Bono
319 866 415 923 animo
428 885 469 938 es,
484 885 579 924 assum
593 865 709 938 auxilio,
723 866 907 942 Amphitruo,
918 866 975 924 tibi

298 972 326 1020 et
340 963 413 1020 tuis:

179 1059 260 1116 Nihil
275 1069 318 1116 est
331 1059 407 1134 quod
421 1059 530 1116 timeas.
573 1057 719 1129 Hariolos‚
734 1058 900 1134 haruspices

179 1154 264 1212 Mitte
278 1155 379 1212 omnis.
419 1155 496 1217 Quae
510 1154 604 1212 sutura
619 1165 647 1211 et
661 1173 723 1228 quae
739 1155 824 1225 sacta,
835 1151 973 1230 eloquar:

180 1250 274 1308 Multo
299 1251 370 1309 adeo
397 1251 509 1322 melius,
531 1269 616 1325 quam
640 1250 691 1322 illi,
712 1269 798 1326 quum
820 1250 874 1308 sim
899 1249 975 1328 Jup-

296 1348 378 1422 piter.

149 1461 165 1509 5
179 1444 306 1500 Primum
320 1442 447 1500 omnium
464 1443 632 1500 Alcumenae
647 1461 761 1500 usuram
776 1443 904 1520 corporis

178 1540 261 1615 Cepi,
276 1550 304 1597 et
319 1539 474 1596 concubitu
488 1538 634 1615 gravidam
649 1538 704 1596 feci
715 1538 785 1596 filio.

178 1635 227 1692 Tu
241 1635 386 1712 gravidam
401 1635 469 1692 item
485 1634 587 1706 fecisti,
602 1653 688 1710 quom
702 1635 732 1691 in
747 1635 904 1693 exercitum

177 1732 334 1790 Profectus.
376 1730 441 1788 Uno
454 1741 536 1807 partu
551 1731 623 1788 duos
636 1730 745 1806 peperit
758 1731 850 1789 simul.

178 1829 286 1886 Eorum
302 1828 380 1899 alter,
395 1839 492 1884 nostro
506 1826 555 1901 qui
569 1838 612 1884 est
626 1838 774 1903 suseeptus
788 1828 907 1900 semine,

134 1941 164 1988 10
178 1925 246 1982 Suis
259 1924 341 1982 sactis
355 1934 383 1982 te
396 1921 548 1980 immortali
563 1922 667 1980 afficiet
680 1921 779 1998 gloria.

176 2021 225 2078 Tu
240 2039 305 2102 cum
320 2018 484 2077 Alcumenfi
497 2037 586 2080 uxore
601 2018 744 2093 antiquam
759 2018 788 2075 in
802 2019 923 2095 gratiam
1001 2051 1008 2066 ι

177 2117 262 2175 Redi.
305 2116 391 2173 Haud
416 2115 583 2190 promeruit,
605 2116 789 2190 quamobrem
813 2115 884 2172 vitio
907 2134 971 2174 vor·

293 2223 376 2271 teres.

177 2308 246 2368 Mea
279 2309 306 2366 vi
336 2309 455 2366 subacta
484 2319 528 2367 est
556 2307 659 2366 facere.
708 2307 773 2385 Ego
804 2308 834 2367 in
864 2308 969 2366 ooelurn

293 2423 393 2481 m1gro.
