2138 3386
105 215 145 275 70
312 231 516 279 mnnrruuo.
547 233 609 278 nos.
625 231 665 278 rv.
685 233 762 278 scm.
778 232 799 278 r.

368 487 493 543 ACTUS
513 487 561 543 lv.
590 487 750 543 SCENAI.

461 674 657 734 Aurrrrunuo.

203 866 399 927 Nmomum
410 888 495 944 quem
510 869 663 927 convenire
678 868 763 941 volni,
776 868 804 926 in
819 868 886 927 navi
900 888 961 928 non

281 976 358 1024 erat:

164 1060 268 1138 Neque
288 1062 376 1129 domi.
391 1082 485 1139 neque
506 1064 536 1121 in
554 1063 625 1120 urbe
646 1063 761 1121 invenio
774 1081 960 1139 quemquam,
1056 1139 1057 1146 ἵ

283 1159 331 1235 qui
346 1159 426 1217 illum
440 1161 551 1218 viderit.

164 1253 241 1313 Nam
255 1256 348 1313 omnis
361 1257 470 1333 plateas
482 1257 652 1335 perreptavi,
663 1256 812 1335 gymnasia
824 1267 852 1314 et
867 1276 961 1333 myro·

283 1354 376 1428 polia:

164 1448 250 1526 Apud
272 1450 441 1524 emporium,
463 1461 547 1527 atque
568 1451 598 1509 in
619 1451 751 1523 macello,
772 1451 802 1508 in
825 1449 960 1527 palaestrd

282 1555 366 1620 atque
382 1545 410 1603 in
427 1546 505 1604 foro:

135 1640 199 1700 tln
219 1642 381 1715 medicinis,
397 1642 427 1700 in
447 1645 604 1716 tonstrinis,
621 1645 693 1720 apud
715 1643 810 1702 omnis
830 1643 900 1702 aedts
915 1665 959 1702 sa·

284 1759 355 1799 eras.

165 1837 237 1895 Sum
251 1835 379 1896 defessus
393 1838 579 1914 queritando,
594 1857 733 1914 nusquam
749 1837 864 1895 invenio
878 1837 959 1895 Nau·

282 1946 397 1993 eratenr.

164 2029 253 2089 Nune
267 2030 383 2088 domum
406 2031 464 2103 ibo,
480 2041 563 2106 atque
577 2050 612 2089 ex
625 2050 714 2088 uxore
734 2031 810 2089 hano
823 2049 884 2089 rem
897 2047 961 2107 per·

283 2147 348 2205 gam
363 2129 522 2203 exquirere,

164 2223 242 2286 Quis
266 2224 361 2295 suerit,
386 2243 471 2300 quem
493 2235 606 2302 propter
633 2243 738 2301 eorpus
761 2243 843 2282 suunr
868 2223 960 2300 stupri

284 2321 476 2396 compleverit.

165 2415 243 2474 Nam
257 2435 312 2488 me,
328 2435 412 2492 quam
433 2417 509 2474 illam
523 2417 710 2493 questionem
732 2417 896 2492 inquisitam
911 2417 961 2474 ho-

283 2512 329 2570 die
345 2512 484 2585 amittere,

123 2615 153 2666 10
166 2607 313 2667 Mortuum
328 2610 416 2666 satius
426 2619 477 2668 est.
515 2609 573 2667 Sed
588 2607 658 2667 aedis
672 2609 863 2667 occluserunt.
902 2607 961 2667 Eu·

285 2707 382 2782 gepae!

158 2800 277 2859 'Pariter
297 2801 352 2857 hoo
366 2801 407 2874 fit,
422 2811 506 2877 atque
519 2811 551 2858 ut
566 2801 622 2858 alia
636 2801 711 2859 faeta
727 2811 803 2860 sunt.
844 2799 961 2860 Feriam

286 2895 364 2956 foris.
