<?xml version="1.0" encoding="UTF-8"?>
<!DOCTYPE html PUBLIC "-//W3C//DTD XHTML 1.0 Transitional//EN"
    "http://www.w3.org/TR/xhtml1/DTD/xhtml1-transitional.dtd">
<html xmlns="http://www.w3.org/1999/xhtml" xml:lang="en" lang="en">
 <head>
  <title>
</title>
<meta http-equiv="Content-Type" content="text/html;charset=utf-8" />
  <meta name='ocr-system' content='tesseract 3.04.00' />
  <meta name='ocr-capabilities' content='ocr_page ocr_carea ocr_par ocr_line ocrx_word'/>
</head>
<body>
  <div class='ocr_page' id='page_1' title='image "./macciiplautiamp00dillgoog/macciiplautiamp00dillgoog_0126.png"; bbox 0 0 2150 3386; ppageno 0'>
   <div class='ocr_carea' id='block_1_1' title="bbox 271 204 955 262">
    <p class='ocr_par' dir='ltr' id='par_1_1' title="bbox 271 204 955 262">
     <span class='ocr_line' id='line_1_1' title="bbox 271 204 955 262; baseline -0.004 -1"><span class='ocrx_word' id='word_1_1' title='bbox 271 216 460 262; x_wconf 75' lang='lat' dir='ltr'>nuuuuunm.</span> <span class='ocrx_word' id='word_1_2' title='bbox 491 215 599 260; x_wconf 60' lang='lat' dir='ltr'>acan.</span> <span class='ocrx_word' id='word_1_3' title='bbox 620 214 731 259; x_wconf 66' lang='lat' dir='ltr'>senua.</span> <span class='ocrx_word' id='word_1_4' title='bbox 900 204 955 258; x_wconf 82' lang='lat'>117</span> 
     </span>
    </p>
   </div>
   <div class='ocr_carea' id='block_1_2' title="bbox 102 363 939 922">
    <p class='ocr_par' dir='ltr' id='par_1_2' title="bbox 106 363 801 440">
     <span class='ocr_line' id='line_1_2' title="bbox 106 363 801 440; baseline 0 -22"><span class='ocrx_word' id='word_1_5' title='bbox 106 363 205 420; x_wconf 84' lang='lat' dir='ltr'>Facile</span> <span class='ocrx_word' id='word_1_6' title='bbox 221 364 362 421; x_wconf 85' lang='lat' dir='ltr'>abstinere</span> <span class='ocrx_word' id='word_1_7' title='bbox 375 382 468 439; x_wconf 88' lang='lat' dir='ltr'>posse,</span> <span class='ocrx_word' id='word_1_8' title='bbox 483 365 506 421; x_wconf 88' lang='lat' dir='ltr'>si</span> <span class='ocrx_word' id='word_1_9' title='bbox 521 364 592 420; x_wconf 86' lang='lat' dir='ltr'>nihil</span> <span class='ocrx_word' id='word_1_10' title='bbox 607 363 720 420; x_wconf 86' lang='lat' dir='ltr'>obviam</span> <span class='ocrx_word' id='word_1_11' title='bbox 734 364 801 440; x_wconf 85' lang='lat' dir='ltr'>est,)</span> 
     </span>
    </p>

    <p class='ocr_par' dir='ltr' id='par_1_3' title="bbox 105 459 939 536">
     <span class='ocr_line' id='line_1_3' title="bbox 105 459 939 536; baseline -0.005 -21"><span class='ocrx_word' id='word_1_12' title='bbox 105 459 222 530; x_wconf 78' lang='lat' dir='ltr'><strong>Dicant,</strong></span> <span class='ocrx_word' id='word_1_13' title='bbox 236 461 300 516; x_wconf 89' lang='lat' dir='ltr'>coci</span> <span class='ocrx_word' id='word_1_14' title='bbox 316 461 492 517; x_wconf 82' lang='lat' dir='ltr'>abstulerunt</span> <span class='ocrx_word' id='word_1_15' title='bbox 501 481 508 530; x_wconf 89' lang='lat'>;</span> <span class='ocrx_word' id='word_1_16' title='bbox 531 459 774 536; x_wconf 76' lang='lat' dir='ltr'><strong>comprehendite,</strong></span> <span class='ocrx_word' id='word_1_17' title='bbox 907 463 939 511; x_wconf 80' lang='lat'>20</span> 
     </span>
    </p>

    <p class='ocr_par' dir='ltr' id='par_1_4' title="bbox 105 556 714 632">
     <span class='ocr_line' id='line_1_4' title="bbox 105 556 714 632; baseline 0.002 -20"><span class='ocrx_word' id='word_1_18' title='bbox 105 556 232 627; x_wconf 78' lang='lat' dir='ltr'><strong>Vincite,</strong></span> <span class='ocrx_word' id='word_1_19' title='bbox 246 558 401 627; x_wconf 86' lang='lat' dir='ltr'>verberate,</span> <span class='ocrx_word' id='word_1_20' title='bbox 416 557 445 613; x_wconf 94' lang='lat' dir='ltr'>in</span> <span class='ocrx_word' id='word_1_21' title='bbox 459 568 576 632; x_wconf 88' lang='lat' dir='ltr'>puteum</span> <span class='ocrx_word' id='word_1_22' title='bbox 591 556 714 613; x_wconf 89' lang='lat' dir='ltr'>condite.</span> 
     </span>
    </p>

    <p class='ocr_par' dir='ltr' id='par_1_5' title="bbox 104 645 779 728">
     <span class='ocr_line' id='line_1_5' title="bbox 104 645 779 728; baseline 0 -20"><span class='ocrx_word' id='word_1_23' title='bbox 104 651 217 709; x_wconf 86' lang='lat' dir='ltr'>Horum</span> <span class='ocrx_word' id='word_1_24' title='bbox 231 653 283 710; x_wconf 88' lang='lat' dir='ltr'>tibi</span> <span class='ocrx_word' id='word_1_25' title='bbox 299 652 362 710; x_wconf 85' lang='lat' dir='ltr'>istic</span> <span class='ocrx_word' id='word_1_26' title='bbox 376 654 447 710; x_wconf 89' lang='lat' dir='ltr'>nihil</span> <span class='ocrx_word' id='word_1_27' title='bbox 462 645 590 710; x_wconf 72' lang='lat' dir='ltr'>eueniet:</span> <span class='ocrx_word' id='word_1_28' title='bbox 611 653 716 728; x_wconf 86' lang='lat' dir='ltr'>quippe</span> <span class='ocrx_word' id='word_1_29' title='bbox 730 652 779 726; x_wconf 92' lang='lat' dir='ltr'>qui</span> 
     </span>
    </p>

    <p class='ocr_par' dir='ltr' id='par_1_6' title="bbox 102 747 892 922">
     <span class='ocr_line' id='line_1_6' title="bbox 102 747 892 825; baseline -0.001 -19"><span class='ocrx_word' id='word_1_30' title='bbox 102 747 160 806; x_wconf 90' lang='lat' dir='ltr'>Ubi</span> <span class='ocrx_word' id='word_1_31' title='bbox 180 749 248 824; x_wconf 91' lang='lat' dir='ltr'>quid</span> <span class='ocrx_word' id='word_1_32' title='bbox 269 750 413 825; x_wconf 73' lang='lat' dir='ltr'>corripias,</span> <span class='ocrx_word' id='word_1_33' title='bbox 432 750 501 807; x_wconf 92' lang='lat' dir='ltr'>nihil</span> <span class='ocrx_word' id='word_1_34' title='bbox 522 760 573 807; x_wconf 88' lang='lat' dir='ltr'>est.</span> <span class='ocrx_word' id='word_1_35' title='bbox 615 751 742 824; x_wconf 84' lang='lat' dir='ltr'>Sequere</span> <span class='ocrx_word' id='word_1_36' title='bbox 763 748 817 804; x_wconf 88' lang='lat' dir='ltr'>hac</span> <span class='ocrx_word' id='word_1_37' title='bbox 838 765 892 805; x_wconf 89' lang='lat' dir='ltr'>me.</span> 
     </span>
     <span class='ocr_line' id='line_1_7' title="bbox 224 844 405 922; baseline 0.006 -20"><span class='ocrx_word' id='word_1_38' title='bbox 224 844 272 903; x_wconf 79' lang='lat' dir='ltr'>Co.</span> <span class='ocrx_word' id='word_1_39' title='bbox 295 848 405 922; x_wconf 84' lang='lat' dir='ltr'>Sequor</span> 
     </span>
    </p>
   </div>
   <div class='ocr_carea' id='block_1_3' title="bbox 402 1143 596 1199">
    <p class='ocr_par' dir='ltr' id='par_1_7' title="bbox 402 1143 596 1199">
     <span class='ocr_line' id='line_1_8' title="bbox 402 1143 596 1199; baseline -0.005 -1"><span class='ocrx_word' id='word_1_40' title='bbox 402 1143 526 1199; x_wconf 79' lang='lat' dir='ltr'>SCENA</span> <span class='ocrx_word' id='word_1_41' title='bbox 548 1143 596 1197; x_wconf 81' lang='lat' dir='ltr'>VI.</span> 
     </span>
    </p>
   </div>
   <div class='ocr_carea' id='block_1_4' title="bbox 254 1329 743 1388">
    <p class='ocr_par' dir='ltr' id='par_1_8' title="bbox 254 1329 743 1388">
     <span class='ocr_line' id='line_1_9' title="bbox 254 1329 743 1388; baseline -0.002 0"><span class='ocrx_word' id='word_1_42' title='bbox 254 1331 430 1388; x_wconf 80' lang='lat' dir='ltr'>Sunomuus.</span> <span class='ocrx_word' id='word_1_43' title='bbox 459 1331 629 1388; x_wconf 67' lang='lat' dir='ltr'>Scirum.</span> <span class='ocrx_word' id='word_1_44' title='bbox 658 1329 743 1387; x_wconf 82' lang='lat' dir='ltr'>Coci.</span> 
     </span>
    </p>
   </div>
   <div class='ocr_carea' id='block_1_5' title="bbox 96 1522 917 2640">
    <p class='ocr_par' dir='ltr' id='par_1_9' title="bbox 141 1522 889 1599">
     <span class='ocr_line' id='line_1_10' title="bbox 141 1522 889 1599; baseline 0 -19"><span class='ocrx_word' id='word_1_45' title='bbox 141 1523 203 1580; x_wconf 72' lang='lat' dir='ltr'>Str.</span> <span class='ocrx_word' id='word_1_46' title='bbox 225 1522 311 1582; x_wconf 81' lang='lat' dir='ltr'>Hnus</span> <span class='ocrx_word' id='word_1_47' title='bbox 334 1523 469 1599; x_wconf 82' lang='lat' dir='ltr'>Staphyla</span> <span class='ocrx_word' id='word_1_48' title='bbox 481 1523 574 1598; x_wconf 90' lang='lat' dir='ltr'>prodi,</span> <span class='ocrx_word' id='word_1_49' title='bbox 590 1533 673 1598; x_wconf 86' lang='lat' dir='ltr'>atque</span> <span class='ocrx_word' id='word_1_50' title='bbox 687 1523 791 1580; x_wconf 86' lang='lat' dir='ltr'>ostium</span> <span class='ocrx_word' id='word_1_51' title='bbox 805 1522 889 1598; x_wconf 86' lang='lat' dir='ltr'>aperi.</span> 
     </span>
    </p>

    <p class='ocr_par' dir='ltr' id='par_1_10' title="bbox 220 1619 464 1681">
     <span class='ocr_line' id='line_1_11' title="bbox 220 1619 464 1681; baseline 0.004 -5"><span class='ocrx_word' id='word_1_52' title='bbox 220 1619 265 1677; x_wconf 80' lang='lat' dir='ltr'>St.</span> <span class='ocrx_word' id='word_1_53' title='bbox 285 1620 348 1681; x_wconf 79' lang='lat' dir='ltr'>Qui</span> <span class='ocrx_word' id='word_1_54' title='bbox 361 1622 464 1677; x_wconf 82' lang='lat' dir='ltr'>vocatl</span> 
     </span>
    </p>

    <p class='ocr_par' dir='ltr' id='par_1_11' title="bbox 100 1714 891 1886">
     <span class='ocr_line' id='line_1_12' title="bbox 100 1714 891 1777; baseline 0.001 -5"><span class='ocrx_word' id='word_1_55' title='bbox 100 1715 165 1773; x_wconf 82' lang='lat' dir='ltr'>Str.</span> <span class='ocrx_word' id='word_1_56' title='bbox 194 1716 344 1772; x_wconf 87' lang='lat' dir='ltr'>Strobilos.</span> <span class='ocrx_word' id='word_1_57' title='bbox 396 1716 440 1773; x_wconf 82' lang='lat' dir='ltr'>St.</span> <span class='ocrx_word' id='word_1_58' title='bbox 468 1716 551 1777; x_wconf 74' lang='lat' dir='ltr'>Quid</span> <span class='ocrx_word' id='word_1_59' title='bbox 572 1715 634 1772; x_wconf 83' lang='lat' dir='ltr'>visl</span> <span class='ocrx_word' id='word_1_60' title='bbox 684 1715 745 1772; x_wconf 78' lang='lat' dir='ltr'>Str.</span> <span class='ocrx_word' id='word_1_61' title='bbox 775 1714 838 1772; x_wconf 90' lang='lat' dir='ltr'>Hos</span> <span class='ocrx_word' id='word_1_62' title='bbox 860 1725 891 1773; x_wconf 89' lang='lat' dir='ltr'>ut</span> 
     </span>
     <span class='ocr_line' id='line_1_13' title="bbox 221 1812 476 1886; baseline -0.004 -18"><span class='ocrx_word' id='word_1_63' title='bbox 221 1812 345 1886; x_wconf 84' lang='lat' dir='ltr'>accipias</span> <span class='ocrx_word' id='word_1_64' title='bbox 359 1831 476 1886; x_wconf 70' lang='lat' dir='ltr'>coquoS,</span> 
     </span>
    </p>

    <p class='ocr_par' dir='ltr' id='par_1_12' title="bbox 99 1905 734 1982">
     <span class='ocr_line' id='line_1_14' title="bbox 99 1905 734 1982; baseline -0.003 -18"><span class='ocrx_word' id='word_1_65' title='bbox 99 1906 335 1982; x_wconf 85' lang='lat' dir='ltr'>Tibicinamque,</span> <span class='ocrx_word' id='word_1_66' title='bbox 349 1909 557 1981; x_wconf 87' lang='lat' dir='ltr'>obsoniumque</span> <span class='ocrx_word' id='word_1_67' title='bbox 571 1906 600 1963; x_wconf 92' lang='lat' dir='ltr'>in</span> <span class='ocrx_word' id='word_1_68' title='bbox 614 1905 734 1980; x_wconf 77' lang='lat' dir='ltr'>nuptias.</span> 
     </span>
    </p>

    <p class='ocr_par' dir='ltr' id='par_1_13' title="bbox 99 1999 731 2079">
     <span class='ocr_line' id='line_1_15' title="bbox 99 1999 731 2079; baseline 0.002 -20"><span class='ocrx_word' id='word_1_69' title='bbox 99 1999 276 2079; x_wconf 86' lang='lat' dir='ltr'>Megadorus</span> <span class='ocrx_word' id='word_1_70' title='bbox 287 2003 371 2079; x_wconf 87' lang='lat' dir='ltr'>jussit</span> <span class='ocrx_word' id='word_1_71' title='bbox 384 2003 519 2059; x_wconf 87' lang='lat' dir='ltr'>Euclioni</span> <span class='ocrx_word' id='word_1_72' title='bbox 535 2003 596 2059; x_wconf 83' lang='lat' dir='ltr'>haec</span> <span class='ocrx_word' id='word_1_73' title='bbox 610 2002 731 2060; x_wconf 86' lang='lat' dir='ltr'>mittere.</span> 
     </span>
    </p>

    <p class='ocr_par' dir='ltr' id='par_1_14' title="bbox 98 2099 917 2174">
     <span class='ocr_line' id='line_1_16' title="bbox 98 2099 917 2174; baseline 0.005 -19"><span class='ocrx_word' id='word_1_74' title='bbox 98 2099 145 2156; x_wconf 79' lang='lat' dir='ltr'>St.</span> <span class='ocrx_word' id='word_1_75' title='bbox 167 2099 314 2169; x_wconf 73' lang='lat' dir='ltr'>Coronae,</span> <span class='ocrx_word' id='word_1_76' title='bbox 330 2099 465 2169; x_wconf 85' lang='lat' dir='ltr'>Strobile‚</span> <span class='ocrx_word' id='word_1_77' title='bbox 480 2100 531 2155; x_wconf 86' lang='lat' dir='ltr'>has</span> <span class='ocrx_word' id='word_1_78' title='bbox 545 2099 648 2156; x_wconf 81' lang='lat' dir='ltr'>facturi</span> <span class='ocrx_word' id='word_1_79' title='bbox 662 2100 797 2174; x_wconf 69' lang='lat' dir='ltr'>nuptias?</span> <span class='ocrx_word' id='word_1_80' title='bbox 901 2112 917 2159; x_wconf 83' lang='lat'><strong>5</strong></span> 
     </span>
    </p>

    <p class='ocr_par' dir='ltr' id='par_1_15' title="bbox 97 2194 889 2370">
     <span class='ocr_line' id='line_1_17' title="bbox 97 2194 889 2258; baseline 0.004 -7"><span class='ocrx_word' id='word_1_81' title='bbox 97 2195 161 2253; x_wconf 81' lang='lat' dir='ltr'>Str.</span> <span class='ocrx_word' id='word_1_82' title='bbox 182 2194 265 2258; x_wconf 79' lang='lat' dir='ltr'>Quil</span> <span class='ocrx_word' id='word_1_83' title='bbox 305 2197 349 2253; x_wconf 81' lang='lat' dir='ltr'>St.</span> <span class='ocrx_word' id='word_1_84' title='bbox 370 2196 452 2257; x_wconf 79' lang='lat' dir='ltr'>Quia</span> <span class='ocrx_word' id='word_1_85' title='bbox 471 2196 567 2253; x_wconf 89' lang='lat' dir='ltr'>temeti</span> <span class='ocrx_word' id='word_1_86' title='bbox 589 2195 659 2252; x_wconf 92' lang='lat' dir='ltr'>nihil</span> <span class='ocrx_word' id='word_1_87' title='bbox 679 2197 793 2253; x_wconf 89' lang='lat' dir='ltr'>allatum</span> <span class='ocrx_word' id='word_1_88' title='bbox 809 2197 889 2254; x_wconf 86' lang='lat' dir='ltr'>intel-</span> 
     </span>
     <span class='ocr_line' id='line_1_18' title="bbox 216 2293 290 2370; baseline 0.014 -20"><span class='ocrx_word' id='word_1_89' title='bbox 216 2293 290 2370; x_wconf 85' lang='lat' dir='ltr'>lego.</span> 
     </span>
    </p>

    <p class='ocr_par' dir='ltr' id='par_1_16' title="bbox 97 2388 824 2464">
     <span class='ocr_line' id='line_1_19' title="bbox 97 2388 824 2464; baseline 0.001 -18"><span class='ocrx_word' id='word_1_90' title='bbox 97 2388 160 2446; x_wconf 83' lang='lat' dir='ltr'>Str.</span> <span class='ocrx_word' id='word_1_91' title='bbox 182 2388 224 2445; x_wconf 81' lang='lat' dir='ltr'>At</span> <span class='ocrx_word' id='word_1_92' title='bbox 234 2389 293 2464; x_wconf 85' lang='lat' dir='ltr'>jam</span> <span class='ocrx_word' id='word_1_93' title='bbox 307 2389 450 2460; x_wconf 78' lang='lat' dir='ltr'>afferetur,</span> <span class='ocrx_word' id='word_1_94' title='bbox 464 2389 488 2446; x_wconf 87' lang='lat' dir='ltr'>si</span> <span class='ocrx_word' id='word_1_95' title='bbox 504 2409 520 2446; x_wconf 90' lang='lat' dir='ltr'>a</span> <span class='ocrx_word' id='word_1_96' title='bbox 534 2389 595 2445; x_wconf 86' lang='lat' dir='ltr'>loro</span> <span class='ocrx_word' id='word_1_97' title='bbox 609 2388 687 2463; x_wconf 84' lang='lat' dir='ltr'>ipsus</span> <span class='ocrx_word' id='word_1_98' title='bbox 700 2389 824 2447; x_wconf 85' lang='lat' dir='ltr'>redierit.</span> 
     </span>
    </p>

    <p class='ocr_par' dir='ltr' id='par_1_17' title="bbox 96 2484 888 2640">
     <span class='ocr_line' id='line_1_20' title="bbox 96 2484 888 2562; baseline 0.003 -20"><span class='ocrx_word' id='word_1_99' title='bbox 96 2485 143 2542; x_wconf 79' lang='lat' dir='ltr'>St.</span> <span class='ocrx_word' id='word_1_100' title='bbox 168 2484 262 2562; x_wconf 80' lang='lat' dir='ltr'>Ligna</span> <span class='ocrx_word' id='word_1_101' title='bbox 282 2484 331 2542; x_wconf 87' lang='lat' dir='ltr'>hio</span> <span class='ocrx_word' id='word_1_102' title='bbox 352 2486 425 2562; x_wconf 87' lang='lat' dir='ltr'>apud</span> <span class='ocrx_word' id='word_1_103' title='bbox 446 2503 499 2542; x_wconf 87' lang='lat' dir='ltr'>nos</span> <span class='ocrx_word' id='word_1_104' title='bbox 520 2485 598 2542; x_wconf 90' lang='lat' dir='ltr'>nulla</span> <span class='ocrx_word' id='word_1_105' title='bbox 618 2495 692 2543; x_wconf 86' lang='lat' dir='ltr'>sunt.</span> <span class='ocrx_word' id='word_1_106' title='bbox 743 2485 792 2543; x_wconf 79' lang='lat' dir='ltr'>Co.</span> <span class='ocrx_word' id='word_1_107' title='bbox 815 2487 888 2544; x_wconf 87' lang='lat' dir='ltr'>Sunt</span> 
     </span>
     <span class='ocr_line' id='line_1_21' title="bbox 217 2584 344 2640; baseline -0.008 0"><span class='ocrx_word' id='word_1_108' title='bbox 217 2584 344 2640; x_wconf 75' lang='lat' dir='ltr'>asserest</span> 
     </span>
    </p>
   </div>
   <div class='ocr_carea' id='block_1_6' title="bbox 96 2677 887 2833">
    <p class='ocr_par' dir='ltr' id='par_1_18' title="bbox 96 2677 887 2833">
     <span class='ocr_line' id='line_1_22' title="bbox 96 2677 887 2756; baseline 0.001 -21"><span class='ocrx_word' id='word_1_109' title='bbox 96 2677 143 2735; x_wconf 82' lang='lat' dir='ltr'>St.</span> <span class='ocrx_word' id='word_1_110' title='bbox 165 2678 240 2736; x_wconf 87' lang='lat' dir='ltr'>Sunt</span> <span class='ocrx_word' id='word_1_111' title='bbox 254 2679 309 2754; x_wconf 89' lang='lat' dir='ltr'>pol.</span> <span class='ocrx_word' id='word_1_112' title='bbox 353 2679 402 2736; x_wconf 80' lang='lat' dir='ltr'>Co.</span> <span class='ocrx_word' id='word_1_113' title='bbox 425 2680 499 2736; x_wconf 88' lang='lat' dir='ltr'>Sunt</span> <span class='ocrx_word' id='word_1_114' title='bbox 513 2679 598 2756; x_wconf 85' lang='lat' dir='ltr'>igitur</span> <span class='ocrx_word' id='word_1_115' title='bbox 612 2678 706 2756; x_wconf 85' lang='lat' dir='ltr'>ligna;</span> <span class='ocrx_word' id='word_1_116' title='bbox 728 2697 765 2736; x_wconf 83' lang='lat' dir='ltr'>ne</span> <span class='ocrx_word' id='word_1_117' title='bbox 779 2698 887 2755; x_wconf 83' lang='lat' dir='ltr'>quaeras</span> 
     </span>
     <span class='ocr_line' id='line_1_23' title="bbox 216 2775 292 2833; baseline 0.013 -1"><span class='ocrx_word' id='word_1_118' title='bbox 216 2775 292 2833; x_wconf 85' lang='lat' dir='ltr'>soris.</span> 
     </span>
    </p>
   </div>
   <div class='ocr_carea' id='block_1_7' title="bbox 95 2870 931 3044">
    <p class='ocr_par' dir='ltr' id='par_1_19' title="bbox 95 2870 931 3044">
     <span class='ocr_line' id='line_1_24' title="bbox 95 2870 931 2948; baseline 0.006 -20"><span class='ocrx_word' id='word_1_119' title='bbox 95 2870 142 2928; x_wconf 75' lang='lat' dir='ltr'>st.</span> <span class='ocrx_word' id='word_1_120' title='bbox 163 2870 266 2932; x_wconf 78' lang='lat' dir='ltr'>Quidt</span> <span class='ocrx_word' id='word_1_121' title='bbox 288 2872 438 2948; x_wconf 82' lang='lat' dir='ltr'>impurato,</span> <span class='ocrx_word' id='word_1_122' title='bbox 450 2891 613 2947; x_wconf 79' lang='lat' dir='ltr'>quanquam</span> <span class='ocrx_word' id='word_1_123' title='bbox 624 2872 757 2929; x_wconf 87' lang='lat' dir='ltr'>Vulcano</span> <span class='ocrx_word' id='word_1_124' title='bbox 771 2871 877 2942; x_wconf 84' lang='lat' dir='ltr'>studes,</span> <span class='ocrx_word' id='word_1_125' title='bbox 902 2885 931 2933; x_wconf 86' lang='lat'>1⁰</span> 
     </span>
     <span class='ocr_line' id='line_1_25' title="bbox 96 2967 747 3044; baseline -0.005 -18"><span class='ocrx_word' id='word_1_126' title='bbox 96 2967 234 3026; x_wconf 78' lang='lat' dir='ltr'>Coeuaene</span> <span class='ocrx_word' id='word_1_127' title='bbox 248 2969 345 3039; x_wconf 73' lang='lat' dir='ltr'>causat,</span> <span class='ocrx_word' id='word_1_128' title='bbox 361 2979 409 3025; x_wconf 91' lang='lat' dir='ltr'>aut</span> <span class='ocrx_word' id='word_1_129' title='bbox 422 2984 477 3026; x_wconf 84' lang='lat' dir='ltr'>tuae</span> <span class='ocrx_word' id='word_1_130' title='bbox 492 2968 632 3025; x_wconf 85' lang='lat' dir='ltr'>mercedis</span> <span class='ocrx_word' id='word_1_131' title='bbox 645 2967 747 3044; x_wconf 69' lang='lat' dir='ltr'>gratia,</span> 
     </span>
    </p>
   </div>
   <div class='ocr_carea' id='block_1_8' title="bbox 0 0 1080 3386">
    <p class='ocr_par' dir='ltr' id='par_1_20' title="bbox 0 0 1080 3386">
     <span class='ocr_line' id='line_1_26' title="bbox 0 0 1080 3386; baseline 0 3"><span class='ocrx_word' id='word_1_132' title='bbox 0 0 1080 3386; x_wconf 95' lang='lat' dir='ltr'> </span> 
     </span>
    </p>
   </div>
  </div>
 </body>
</html>
