2138 3386
104 229 143 286 36
322 239 533 288 ΑΜΡΗΙΤΒΗΟ.“
554 249 615 287 Aer.
630 240 649 286 1.
670 241 746 286 Soter.
760 239 782 284 2.

121 398 151 445 15
164 389 261 465 Atque
275 390 450 449 insimulabit
462 409 525 450 eam
538 390 644 468 probri.
685 390 764 448 Tum
778 409 859 447 meus
871 399 952 465 puter

164 487 236 545 Eam
250 488 419 546 seditionem
435 490 463 546 in
478 489 661 565 tranquillum
675 489 810 546 conferet.
927 565 929 570 ι

163 583 192 642 N
196 603 252 642 unc
265 584 301 642 de
316 585 488 657 Alcmene,
503 585 610 643 dudum
625 586 699 661 quod
715 585 773 642 dixi
784 575 892 656 minus,

164 682 260 740 Hodie
274 682 322 739 ills
335 683 425 757 pariet
439 682 512 740 lilios
525 683 655 759 geminos
668 682 757 740 duos:

163 779 244 836 Alter
258 779 380 836 decumo
394 789 457 854 post
470 797 568 837 mense
582 790 713 838 nascetur
727 797 797 854 puer
888 807 891 820 ·

118 886 149 933 20
162 875 260 938 Quam
274 876 447 947 seminatus3
470 877 539 934 ulter
553 895 650 934 mense
664 887 802 951 septumo.

164 972 270 1030 Eorum
287 973 504 1048 Amphitruonis
519 973 588 1030 alter
601 983 653 1043 est,
670 973 738 1029 alter
752 972 840 1030 Jovis.

162 1069 271 1127 Verum
285 1070 387 1126 minori
402 1089 492 1145 puero
506 1071 595 1145 major
609 1079 651 1126 est
663 1080 752 1144 puter,

164 1165 260 1223 Minor
275 1167 382 1242 majori.
423 1166 526 1224 Jsmrre
540 1167 597 1224 hoc
610 1167 691 1223 scitis
705 1166 774 1240 quid
787 1166 861 1224 sietl

163 1263 220 1321 Sed
235 1264 404 1321 Alcumenue
419 1263 501 1340 hujus
516 1263 631 1320 honoris
645 1263 746 1339 gratini,

118 1367 148 1415 25
163 1359 246 1417 Pater
261 1361 370 1418 curavit
383 1380 441 1417 uno
456 1372 486 1417 ut
501 1361 568 1418 loetu
583 1360 678 1427 lieret;

162 1457 228 1514 Uno
243 1470 273 1514 nt
286 1457 383 1516 labore
398 1458 523 1514 absolvat
538 1475 678 1514 aerumnss
691 1457 772 1528 duas,

163 1552 201 1610 Et
214 1572 251 1610 ne
266 1553 295 1610 in
309 1554 471 1630 suspicione
486 1564 606 1629 ponatur
620 1554 720 1628 stupri,

162 1649 201 1707 Et
215 1650 391 1708 claudestina
405 1662 436 1708 ut
450 1651 557 1708 celetur
571 1650 705 1726 suspicio.

160 1745 346 1822 Quanquam,
361 1758 392 1804 ut
403 1749 461 1824 jam
476 1747 584 1804 dudum
599 1747 668 1818 dixi,
682 1747 819 1806 resciscet
831 1758 928 1808 tamen

118 1848 148 1895 30
163 1844 334 1919 Amphitruo
354 1863 414 1902 rem
434 1863 557 1902 omnem.
598 1843 679 1904 Quid
696 1844 801 1920 igitur?
822 1863 908 1906 nemo
921 1846 951 1904 id

278 1942 382 2018 probro

161 2037 295 2096 Proiecto
308 2036 394 2096 ducet
409 2037 585 2094 Alcumenae.
627 2035 704 2094 Num
718 2037 803 2095 deum

160 2132 228 2190 Non
242 2152 293 2208 par
307 2133 417 2190 videtur
432 2133 536 2204 facere,
551 2132 687 2190 delictum
702 2153 783 2190 suum

161 2230 306 2305 Sucmque
320 2230 433 2305 culpam
447 2240 578 2306 expetere
593 2230 622 2286 iu
637 2231 784 2288 mortalem
798 2245 830 2288 ut
842 2231 926 2291 sinet

160 2326 327 2384 Orationem
343 2326 545 2402 comprimam:
567 2327 677 2402 crepuit
692 2327 760 2384 foris

116 2429 147 2476 35
160 2422 333 2499 Amphitruo
345 2422 513 2494 subdimus,
528 2442 640 2494 eccum,
655 2424 713 2482 exit
728 2424 812 2497 sorus,

160 2518 236 2576 Cum
250 2520 413 2578 Alcumeus
427 2539 515 2578 uxore
528 2521 667 2578 usurarii.

1059 345 1060 400 l

1058 479 1060 524 l
