2138 3386
116 187 156 244 ffl
329 197 532 244 nnrnrrnno.
562 199 624 244 ner.
641 196 684 242 111.
705 197 782 241 scer.
795 196 819 242 c

474 451 597 506 SCENA
620 450 668 505 IV.

475 635 666 696 Mercurius.

147 843 149 848 '
214 829 394 889 Goncnnrrrr
417 841 500 905 atque
521 829 675 900 abscedite,
690 847 789 886 ornnes
803 829 839 886 de
852 829 900 887 vid
921 829 969 888 de·

293 927 402 997 cedite3

175 1020 240 1080 Nec
254 1022 404 1097 quisquam
423 1032 481 1079 tarn
496 1023 587 1079 audax
605 1021 665 1078 suat
678 1022 774 1094 horno,
789 1021 838 1097 qui
852 1022 968 1080 obviarn

293 1118 411 1175 obsistet
425 1119 503 1176 mihi.

175 1212 252 1272 Nam
272 1214 342 1271 mihi
363 1215 488 1289 quidem,
504 1214 609 1284 hercle,
624 1212 673 1289 qui
693 1214 788 1271 minus
801 1213 889 1271 liceat
911 1213 969 1272 deo

293 1310 450 1367 minitarier

175 1405 295 1482 Populo,
310 1405 340 1462 ni
354 1406 475 1464 decedat
489 1406 570 1478 mihi,
582 1424 667 1481 quem
682 1406 794 1462 servulo
809 1405 838 1463 in
853 1405 969 1464 Comoe·

293 1501 368 1559 diisi

146 1582 228 1656 oilie
252 1617 353 1656 navem
376 1598 481 1656 salvam
502 1599 631 1670 nunciat,
653 1608 701 1655 ant
726 1597 791 1655 irati
813 1597 967 1655 adventum

293 1695 385 1753 cenis:

176 1789 241 1868 Ego
254 1811 317 1849 sum
331 1791 396 1848 Jovi
411 1791 489 1850 dicto
505 1792 633 1863 audiens,
648 1791 708 1868 ejus
720 1790 801 1867 jussu
816 1809 894 1848 nunc
908 1791 967 1849 huc

294 1907 340 1946 me
355 1889 448 1946 effero.

175 1983 373 2046 Quamobrem
394 1982 433 2040 mi
454 1983 545 2060 magis
564 2002 615 2059 per
637 1993 681 2040 est
701 1983 747 2040 viri
768 1983 917 2054 decedere,
939 1994 968 2042 et

295 2080 462 2138 concedere.

176 2175 261 2234 Pater
280 2186 364 2233 vocat
383 2195 439 2247 rne,
453 2195 518 2234 eum
539 2194 651 2252 sequor,
666 2177 726 2253 ejus
747 2177 825 2234 dicto
846 2177 967 2252 imperio

294 2292 357 2330 oum
372 2273 506 2330 audiens:

176 2368 216 2428 Ut
235 2369 325 2426 filiurn
346 2370 452 2425 bonum
471 2369 544 2446 patri
567 2388 630 2427 esse
650 2380 770 2446 oportet,
792 2369 891 2427 itidem
912 2387 967 2447 ego

294 2485 357 2523 sum
371 2465 452 2541 patri.

135 2565 165 2615 10
178 2562 295 2620 Ameuti
312 2563 512 2639 supparesitor,
527 2563 634 2634 hortor,
649 2574 719 2634 esto,
735 2562 884 2634 admoneo,
898 2581 967 2640 gau·

295 2659 357 2716 deo.

178 2755 211 2812 Si
233 2755 301 2831 quid
321 2755 393 2830 petri
408 2755 510 2831 volupe
526 2757 572 2826 'st,
586 2754 715 2831 voluptas
735 2774 770 2813 ee
791 2755 861 2812 mihi
876 2755 966 2813 multo

295 2869 427 2909 maxume
440 2853 483 2909 'sn
