2138 3386
260 229 464 278 iuuuuuuo.
493 230 555 276 sci.
571 229 602 276 ιι.
622 230 699 276 sm.
716 228 736 274 1.
911 213 951 272 45

96 376 205 436 Praeter
225 397 271 435 me
286 379 415 451 alterum,
430 379 557 454 iuquam,
572 378 727 436 adveniens
741 376 843 436 faciam
859 387 891 432 ut

216 475 343 534 offendas
357 475 445 546 domi,

94 570 179 630 Duvo
199 583 389 649 prognatum
417 582 499 649 putre
521 572 624 630 eodem
647 590 705 649 quo
727 590 782 650 ego
805 589 888 628 sum:

216 667 315 740 formu,
331 679 413 726 utute
427 669 496 726 item

92 763 166 826 Quo
188 781 244 841 ego
267 783 339 822 sum.
389 764 472 826 Quid
496 767 590 842 opu'st
613 764 726 824 verbisi
757 763 889 842 geminus

215 862 298 919 Sosia
312 862 360 919 hio
375 862 489 920 fuotu'st
502 863 564 921 tibi.

92 955 160 1015 Am.
189 957 291 1016 Nimia
311 976 454 1017 memoras
476 959 555 1018 mira.
598 958 658 1018 Sed
678 957 803 1016 vidistiu'
820 975 888 1016 uxo·

214 1073 272 1112 rem
289 1058 402 1114 meum?

92 1149 141 1209 So.
168 1151 253 1214 Quin
274 1153 392 1210 introire
413 1152 442 1210 in
464 1152 533 1211 udis
547 1171 694 1229 nunquam
707 1151 820 1210 licitum
834 1162 884 1210 est

211 1248 277 1306 Am.
304 1248 381 1310 Quis
395 1260 423 1307 te
437 1250 602 1326 prohibuiti
899 1253 931 1304 70

92 1343 141 1403 So.
170 1345 254 1403 Sosia
277 1346 334 1417 ilie,
349 1365 435 1421 quem
452 1347 621 1424 jamdudum
642 1346 718 1418 dico,
734 1344 821 1421 isqui
840 1363 886 1404 me
988 1337 991 1346 ¹

156 1443 159 1450 ’
213 1443 353 1501 contudit.

91 1538 158 1597 Am.
185 1539 264 1601 Quis
287 1539 352 1597 istio
373 1539 458 1596 Sosia
480 1541 542 1598 esti
583 1539 630 1598 So.
660 1538 734 1617 Ego,
758 1538 883 1613 inquam.

209 1634 335 1697 Quoties
349 1637 503 1694 dicendum
518 1647 561 1694 est
575 1635 649 1694 tibii

11 1725 17 1756 ·’
91 1731 156 1791 Am.
185 1733 243 1790 Sed
266 1732 334 1807 quid
358 1733 419 1791 uisi
443 1752 512 1791 num
534 1733 731 1791 obdormivisti
752 1732 883 1791 dudum?

210 1829 257 1886 Su.
285 1828 436 1905 Nusquam
451 1830 589 1906 gentium.

90 1924 157 1984 Am.
185 1925 230 1983 Ibi
246 1926 317 1983 sorte
339 1927 424 1984 istum
439 1927 463 1984 si
478 1927 596 1986 vidisses
610 1927 752 2002 quendam
767 1926 797 1984 iu
811 1946 885 1985 som·

208 2022 254 2080 nis
268 2023 391 2081 Sosiam.

90 2117 139 2177 So.
167 2119 237 2176 Non
264 2120 345 2176 soleo
371 2138 427 2197 ego
453 2119 648 2178 somniculose
675 2119 736 2179 heri
765 2119 884 2196 imperia

208 2215 349 2291 persequi.
896 2226 928 2274 75

90 2311 223 2390 vigilans
247 2312 315 2384 vidi,
339 2311 461 2389 vigilans
487 2331 566 2370 nuno
588 2323 618 2372 te
644 2313 739 2387 video,
763 2314 884 2392 vigilans

209 2407 330 2480 fabulor,

89 2504 267 2583 vigilantem
292 2505 340 2563 ille
366 2524 413 2563 me
437 2505 606 2583 jamdudum
632 2506 755 2586 vigilans
778 2509 884 2587 pugnis

208 2602 347 2661 contudit.

88 2697 155 2756 Am.
182 2697 261 2760 Quis
281 2699 385 2758 homoi
425 2698 473 2758 So.
503 2699 597 2771 Sosia,
613 2699 740 2777 inquam,
754 2701 881 2779 ego-ille.

207 2795 328 2866 Quaeso,
343 2813 440 2853 nonne
454 2795 612 2873 intelligis?

89 2889 154 2950 Am.
181 2890 255 2962 Qui,
267 2891 384 2963 muium,
396 2893 557 2970 intelligere
568 2893 718 2969 quisquam
731 2893 806 2970 potis
820 2896 880 2952 esti

207 2986 253 3046 Ita
265 3008 357 3066 nugas
371 2989 464 3048 blatis.
