2138 3386
255 225 458 275 AMPHITRUO.
487 229 550 276 Δοτ.
565 229 608 276 111.
627 229 704 276 Ισιιε.
719 230 740 276 1.
911 221 946 278 61

98 376 200 450 Facta,
215 395 278 453 quae
300 387 331 435 tu
352 377 429 436 faeta
448 377 532 451 diois,
546 379 617 456 quid
638 379 692 439 tibi
712 397 826 456 aequum
848 389 891 438 est

217 474 299 534 fieri?

98 572 241 649 Nunquid
252 591 368 631 causam
381 571 465 646 diois,
477 572 546 648 quin
560 582 590 632 te
599 573 656 632 hoo
666 574 784 633 multem
796 575 892 634 matri·

216 669 333 728 monio?

98 766 150 826 At.
171 767 204 826 si
219 767 335 842 deliqui,
350 767 429 826 nulla
448 785 539 826 eausa
557 777 608 826 est„
648 767 714 827 Am.
736 768 888 827 Convenit.

215 862 276 936 Tu,
291 865 383 936 Sosia,

98 960 166 1019 Duo
179 961 232 1018 hos
246 961 328 1018 intro.
369 961 434 1039 Ego
454 961 512 1020 huo
533 961 569 1020 ab
581 961 648 1020 navi
667 979 781 1020 meeum
803 961 890 1020 addu-

217 1077 280 1115 cam
295 1057 479 1117 Naucratem.

97 1155 147 1214 So.
168 1153 258 1213 Nunc
271 1155 386 1230 quidem
399 1166 501 1232 preter
514 1173 568 1214 nos
577 1173 664 1214 nemo
676 1167 736 1214 est:
755 1153 803 1214 dio
817 1156 888 1214 mihi

215 1271 313 1310 verum
326 1252 411 1324 serio,
774 1301 784 1319 ,
900 1257 947 1306 225

6 1357 11 1364 ‘
97 1348 207 1425 Ecquis
223 1349 294 1406 alius
308 1349 392 1406 Sosia
406 1349 515 1421 intu'st,
529 1349 578 1424 qui
592 1349 649 1407 mei
663 1350 765 1408 similis
778 1350 852 1408 siet?

95 1445 147 1504 Al.
169 1446 256 1504 Abin’
272 1446 340 1503 hino
355 1465 371 1504 a
385 1465 431 1504 me
444 1446 549 1524 dignus
560 1446 677 1504 domino
691 1465 796 1504 servus.
838 1445 885 1505 So.

214 1537 308 1614 ¹Abeo,
323 1543 347 1600 si
359 1543 451 1619 jubes.

95 1639 147 1698 At.
167 1638 265 1698 Nimis
278 1650 389 1698 ecastor
403 1639 515 1698 facinus
528 1639 633 1698 mirum
646 1649 700 1712 est,
711 1640 761 1716 qui
775 1640 816 1698 illi
830 1639 887 1698 ool·

213 1737 325 1795 libitum
340 1737 394 1795 siet

90 1833 167 1893 'Meo
180 1833 250 1904 viro,
266 1834 308 1891 sio
329 1852 375 1892 me
395 1832 560 1892 insimulare
581 1833 683 1891 falsum
703 1833 815 1892 facinus
828 1846 886 1892 tam

213 1931 327 1990 malum.

88 2027 246 2105 {Quicquid
267 2038 319 2100 est,
336 2027 395 2105 jam
416 2045 452 2085 ex
471 2026 618 2085 Naucrate
638 2037 762 2106 cognato
777 2027 805 2087 id
819 2047 886 2106 cog·

213 2143 331 2182 noscam
345 2143 417 2182 meo.
897 2125 944 2176 23⁰
966 2169 968 2173 -

300 2423 424 2480 ACTUS
441 2423 490 2478 ΠΙ.
519 2417 642 2479 scm
658 2423 680 2480 1.

408 2609 565 2670 summ.

132 2805 200 2866 Eoo
214 2825 277 2864 sum
291 2806 339 2864 ille
352 2805 536 2882 Amphitruo,
551 2805 600 2864 oui
613 2817 657 2864 est
670 2825 767 2866 servus
781 2805 875 2881 Sosia,

87 2903 174 2963 ‘Idem
189 2902 353 2962 Mercurius
366 2902 415 2979 qui
429 2901 469 2974 fit,
484 2903 599 2978 quando
612 2903 795 2962 commodum
808 2906 852 2963 'st

93 2999 129 3060 In
143 2999 289 3077 superiore
303 2998 352 3075 qui
367 2999 465 3056 habito
479 2997 645 3056 ooenaoulo:

210 3114 230 3155 ι·
328 3095 348 3152 6
