2138 3386
293 237 494 288 nnenmnuo
524 237 620 285 noer
641 237 755 284 scene
934 227 973 284 35

121 387 176 446 Ibo
198 388 232 446 ad
254 399 377 464 portum,
401 398 485 464 atque
506 387 569 446 haec
587 386 629 446 nti
650 397 717 445 sunt
739 386 824 458 sactu,
844 385 914 444 hero

240 485 333 542 dicam
349 503 422 543 meo.

122 578 189 640 Nisi
213 582 297 640 etiam
323 582 347 639 is
369 600 483 658 quoque
508 600 553 640 me
578 580 736 659 ignorabit;
767 580 844 656 quod
866 579 914 638 illc

240 679 479 754 suciutJuppiter.
545 706 547 710 ·
822 751 824 764 Ι
926 685 974 736 305

121 775 161 834 Ut
175 794 230 854 ego
243 776 329 833 hodie
342 795 407 833 ruso
421 775 514 852 capite
528 775 625 834 calvus
639 774 752 851 cupiam
766 774 882 850 pileum.

425 1077 547 1132 sanA
575 1076 609 1131 Π.

422 1261 613 1322 Mnncurnus.

163 1457 249 1516 Brenn
271 1477 461 1534 prospereque
482 1458 538 1515 hoc
560 1458 645 1516 hodie
666 1457 761 1534 operis
773 1457 914 1536 processit

242 1555 319 1612 mihi.

122 1652 227 1709 Amori
244 1671 260 1708 a
274 1651 382 1708 foribus
396 1669 557 1710 maxumum
571 1651 741 1723 molestiam,

8 1741 11 1756 ’
122 1747 201 1806 Petri
215 1759 247 1804 ut
260 1747 359 1805 liceret
372 1757 434 1804 tuto
449 1748 524 1805 illam
538 1748 731 1824 ampiexurier.

122 1844 188 1902 Jarn
213 1843 261 1902 ilie
286 1843 354 1901 illuc
379 1843 413 1901 ad
437 1843 536 1902 herum
560 1863 647 1920 quom
671 1844 912 1920 Amphitruonem
944 1859 946 1866 ·

243 1939 396 2011 advenerit,

122 2037 261 2097 Nunobit
274 2055 384 2095 servom
399 2037 468 2095 hinc
481 2055 543 2094 sese
558 2056 575 2094 a
590 2037 698 2094 foribus
711 2037 824 2096 Sosium
924 2044 941 2095 ὅ

122 2134 283 2194 Amovisse.
324 2133 377 2192 Ille
392 2134 463 2192 adeo
476 2135 556 2192 illurn
570 2132 685 2191 mentiri
699 2134 754 2191 sibi

89 2307 90 2312 η
122 2232 245 2290 Credet:
267 2249 359 2307 neque
373 2231 471 2288 credet
486 2233 542 2288 huc
555 2231 724 2306 profectum,
739 2242 771 2290 ut
783 2232 910 2308 jusserat.

122 2329 236 2388 Emotis
251 2328 334 2386 ambo
348 2345 402 2404 ego
417 2327 480 2384 ilios
494 2338 522 2384 et
536 2328 686 2386 dementia

122 2425 292 2501 Complebo,
307 2433 391 2498 atque
404 2442 518 2496 ornnem
533 2424 752 2499 Amphitruonis
766 2425 910 2484 familiam.

123 2522 206 2582 Adeo
221 2539 310 2596 usque
324 2520 481 2578 sutietatem
497 2520 565 2576 durn
579 2521 673 2596 capiet
687 2532 766 2596 pater
926 2529 956 2580 1⁰

121 2619 301 2693 unusquam
317 2627 399 2675 amat.
414 2693 416 2698 ,
440 2616 532 2694 Igitur
546 2617 660 2674 dernurn
675 2636 774 2674 ornnes
787 2619 889 2690 scient,

119 2716 198 2779 Quae
214 2715 296 2772 fucta.
338 2714 472 2789 Denique
485 2714 677 2772 Alcumenam
691 2713 711 2771 J
713 2714 823 2790 uppiter

121 2811 250 2888 Rediget
265 2811 409 2886 antiquam
423 2811 452 2867 in
467 2811 651 2869 concordiam
667 2811 805 2888 conjugis.

122 2907 151 2966 N
154 2927 199 2966 am
213 2908 386 2984 Amphitruo
402 2918 528 2966 actutum
543 2907 624 2964 uxori
638 2908 734 2964 turbas
748 2908 873 2982 conciet,
