2138 3386
346 247 380 294 ΙΝ
400 248 673 296 AMPHITRUONEM.
918 239 955 296 13

5 477 6 482 ¹
107 394 249 453 Praeterea
262 406 341 454 certo
354 396 449 472 prodit
462 397 492 454 in
505 397 671 474 Tragoedit.

108 491 195 550 Hanc
214 492 362 565 Fabulam,
383 494 510 569 inquam,
528 494 577 552 hic
590 494 722 570 Juppiter
735 493 821 553 hodie
835 494 895 569 ipse

227 601 301 666 aget,

107 685 146 743 Et
159 703 214 763 ego
227 687 286 744 und
298 703 363 743 cum
379 686 437 744 illo.
477 685 507 743 N
510 705 567 744 unc
581 687 707 745 animum
722 686 868 759 advortite,
907 696 939 744 95

107 781 185 838 Dum
200 781 283 858 hujus
297 793 494 859 argumentum
507 784 624 859 eloquar
638 784 803 842 Comoediae.

147 877 221 935 Haec
236 879 303 936 urbs
316 889 360 936 est
373 878 500 936 Theba:
522 879 551 936 in
562 879 654 938 illisce
664 880 772 938 habitat
786 880 895 938 aedibus

108 975 291 1050 Amphitruo,
305 984 389 1032 natus
402 975 490 1052 Argis
504 995 540 1032 ex
553 976 635 1052 Argo
647 987 737 1051 patre,

105 1070 168 1131 Qui
184 1089 251 1127 oum
265 1072 426 1130 Alcumena
439 1082 482 1130 est
495 1082 592 1147 nupta,
607 1073 715 1131 Electri
730 1073 796 1134 filiai.

108 1167 137 1224 Is
150 1186 229 1224 nunc
243 1168 416 1244 Amphitruo
429 1169 601 1244 praefectu’st
614 1170 792 1246 legionibus:
908 1171 954 1222 ¹0⁰

106 1262 136 1321 N
138 1283 184 1321 am
198 1283 265 1321 cum
278 1264 416 1322 Telebois
430 1265 535 1322 bellum
549 1277 591 1323 est
605 1265 747 1324 Thebano
760 1266 853 1342 poplo.

106 1360 136 1416 ls
148 1361 313 1436 priusquam
327 1362 396 1419 hinc
410 1362 479 1419 abiit
493 1361 612 1437 ipsemet
626 1362 655 1420 in
670 1364 837 1436 exercitum,

105 1457 260 1514 Gravidam
274 1458 463 1516 Alcumenam
478 1477 594 1516 uxorem
610 1459 677 1517 fecit
690 1479 778 1518 suam.

106 1552 184 1610 Nam
209 1571 264 1631 ego
288 1572 338 1612 vos
361 1555 474 1612 novisse
499 1556 586 1613 oredo
607 1555 676 1632 jam,
700 1566 732 1614 ut
754 1557 791 1614 sit
813 1568 893 1632 pater
1023 1557 1029 1569 '

225 1669 320 1721 meur;
925 1655 927 1659 ’

104 1747 203 1808 Quam
217 1746 288 1805 liber
302 1747 400 1805 harum
415 1765 510 1806 rerum
523 1749 675 1806 multarum
689 1748 758 1819 siet3
907 1756 953 1805 105

103 1843 298 1920 Quantumque
319 1855 426 1903 amator
446 1845 510 1916 siet,
530 1847 606 1920 quod
627 1845 830 1922 complacitum
851 1857 894 1906 eat

223 1941 318 1998 semel.

104 2036 134 2092 Is
148 2055 243 2094 amare
257 2037 379 2113 occoepit
393 2038 584 2096 Alcumenam
598 2038 672 2096 olam
688 2038 787 2109 virum,

105 2133 283 2210 Usurarnque
297 2134 358 2211 ejus
372 2136 499 2211 corporis
513 2135 589 2211 cepit
603 2136 667 2205 sibi,

104 2230 143 2288 Et
156 2231 300 2308 gravidam
316 2231 383 2289 fecit
398 2231 422 2288 is
434 2251 496 2290 eam
512 2250 675 2307 compressu
690 2251 751 2289 suo.

6 2333 7 2342 ¹
103 2327 204 2397 Nunc,
219 2328 255 2385 de
268 2326 431 2387 Alcumend
443 2339 474 2386 ut
489 2347 549 2386 rem
563 2328 683 2386 teneatis
697 2329 813 2400 rectius,
906 2342 952 2392 11⁰

103 2423 245 2500 Utrinque
266 2435 309 2484 est
329 2424 454 2502 gravida,
476 2435 505 2482 et
524 2443 561 2482 er
583 2425 652 2495 viro,
675 2435 704 2482 et
725 2444 761 2482 ex
781 2445 892 2484 summo

221 2520 301 2580 Jove.

103 2617 142 2674 Et
155 2635 237 2674 meus
250 2628 330 2692 pater
343 2636 422 2675 nnnc
436 2618 513 2674 intus
526 2617 574 2674 hic
588 2637 654 2676 cum
670 2618 718 2676 illd
732 2618 834 2676 cubat:

103 2713 142 2770 Et
156 2713 220 2770 lraec
234 2714 271 2770 ob
283 2731 347 2771 eam
362 2732 422 2771 rem
436 2732 494 2772 nox
506 2725 549 2772 est
563 2715 639 2772 facta
652 2714 774 2792 longior,

102 2809 181 2868 Dum
195 2810 254 2881 ille,
268 2811 392 2885 qudcum
405 2811 472 2882 volt,
486 2811 659 2886 voluptatem
674 2812 767 2886 capit:

102 2906 162 2963 Sed
177 2906 217 2964 ita
231 2906 405 2964 assimulavit
419 2925 449 2964 se.
463 2907 544 2982 quasi
558 2907 733 2982 Amphitruo
746 2908 808 2963 siet.
905 2918 949 2966 115

7 3029 8 3044 κ
101 3002 133 3059 N
135 3021 193 3060 uno
206 3021 243 3059 ne
257 3003 335 3060 huno
348 3014 481 3060 ornatum
494 3022 545 3060 ros
558 3021 653 3060 meum
669 3001 857 3070 admiremini,

221 3117 239 3155 r
335 3099 356 3157 2
