2138 3386
274 255 477 304 nurnmnuo.
507 253 603 301 noar
624 255 701 300 sara.
715 255 737 302 1.
914 245 954 305 m

102 403 160 463 Pro
186 405 236 463 fidi
262 405 397 464 Thebani
425 404 519 464 eiresl
569 405 627 465 He.
656 404 753 463 Etiam
777 403 894 476 elamor,

185 509 191 518 '
222 504 377 562 oarnulexl
906 503 954 554 220

102 599 257 676 Eloquere,
278 601 346 675 quid
367 601 489 659 venistil
529 600 577 658 So.
604 599 644 658 Ut
663 611 739 658 esset
758 617 843 676 quem
863 610 895 657 tu

221 698 324 774 pugnis
339 698 472 756 eaederes.

101 795 159 853 Me.
188 795 280 870 Cujus
293 797 345 852 eal
385 795 432 853 So.
457 794 687 871 Amphitruonis,
702 794 828 870 inquam,
843 795 895 852 So·

222 893 271 950 ria.
290 939 293 946 .
313 892 370 950 Me.
398 892 477 970 Ergo
492 893 565 950 istoc
580 893 680 970 magis,

100 988 184 1050 Quia
207 990 386 1066 vaniloquus,
409 989 571 1066 vapulabis:
598 1009 653 1068 ego
676 1009 750 1061 sum,
774 1008 831 1047 non
852 999 894 1062 tu,

223 1087 313 1145 Sosia.

101 1183 150 1242 So.
179 1182 225 1241 Ita
237 1184 277 1242 dii
293 1184 407 1256 faciant,
422 1194 454 1242 ut
467 1194 497 1242 tu
511 1184 606 1260 potiar
624 1183 674 1255 sis,
689 1194 773 1259 atque
793 1202 847 1260 ego
865 1192 895 1242 te

221 1291 252 1337 ut
265 1283 419 1340 verberem.

101 1376 159 1436 Me.
188 1377 283 1435 Etiam
299 1378 416 1437 muttial
450 1379 499 1436 So,
521 1378 586 1436 Jarn
600 1379 711 1436 tacebo.
739 1377 796 1435 Me.
816 1376 895 1438 Quis

221 1475 273 1532 tibi
289 1475 415 1533 heru'stl
458 1475 505 1532 So.
519 1469 630 1536 'Quem
645 1484 676 1532 tu
690 1475 775 1532 voles.
906 1485 954 1536 2⁸25

102 1573 159 1632 Me.
185 1573 268 1635 Quid
283 1573 389 1650 igiturl
410 1572 682 1649 qulnunevooarel
710 1571 757 1629 So.
780 1571 893 1642 Nem0;

221 1668 275 1726 nisi
292 1688 375 1744 quom
387 1669 514 1745 jusseris.

102 1765 160 1824 Me.
187 1766 406 1841 Amphitruonis
427 1775 455 1823 te
475 1783 538 1824 esse
558 1766 654 1824 aiebas
675 1766 795 1824 Sosiam.
844 1765 893 1825 So.

221 1862 428 1919 Peoeaveram:

102 1959 180 2018 Nam
206 1959 424 2034 Amphitruonis
448 1958 559 2016 socium
586 1977 631 2016 nae
659 1977 705 2016 me
731 1977 794 2017 esse
817 1959 895 2018 volui

222 2055 326 2114 dicere.

102 2153 159 2211 Me.
189 2153 323 2210 Sciebam
346 2152 476 2228 equidem
501 2152 612 2210 nullum
636 2171 699 2211 esse
723 2153 816 2226 nobis,
838 2154 894 2213 nisi

221 2268 277 2320 me,
291 2267 400 2306 servom
417 2248 538 2306 Sosiam.

103 2347 192 2424 Fugit
206 2359 234 2404 te
249 2347 329 2404 ratio.
361 2346 419 2404 'Su
446 2345 475 2404 Ο
496 2346 604 2404 utinam
621 2347 695 2405 isluo
709 2348 798 2425 pugni
814 2347 896 2406 lecis-

222 2454 285 2501 senl
298 2443 358 2502 tui!
907 2451 955 2501 230

102 2541 160 2599 Me.
189 2539 253 2617 Ego
274 2560 337 2598 sum
360 2540 444 2598 Sosia
465 2540 523 2612 ille,
544 2559 628 2616 quern
651 2552 681 2599 tu
703 2541 811 2599 dudum
833 2561 896 2602 esse

223 2637 317 2694 aiebas
332 2637 410 2722 mihi,

103 2733 152 2792 So.
179 2731 310 2792 Obsecro
330 2751 381 2808 per
400 2752 502 2809 paoem
521 2733 608 2792 liceat
628 2746 656 2793 te
677 2735 792 2810 alloqui,
808 2746 839 2794 ut
858 2753 896 2796 na

221 2830 360 2905 vapulem.

104 2925 161 2984 Me.
189 2924 288 2982 Irnrno'
302 2926 427 2984 indueiae
447 2945 598 3002 parumper
618 2928 697 2998 liant,
718 2927 742 2984 si
763 2926 831 3002 quid
852 2927 895 2985 vio

222 3022 310 3098 loqui.

340 3117 390 3176 3⁸
