2138 3386
118 209 158 266 82
375 225 576 272 eurumnuo.
607 225 759 272 saroam.

179 368 225 428 Ju.
250 371 297 430 Ob
317 374 390 430 istae
410 374 560 450 indignam
579 375 694 447 dietum,
709 383 735 432 te
753 375 887 434 abstricta
901 373 976 433 calla

296 471 349 527 leae
363 473 511 548 arripiam.
551 529 554 534 .

179 565 245 622 Am.
272 566 321 625 Va
344 570 442 626 misere
464 568 553 626 milei!
604 567 651 626 Ju.
680 567 724 625 At
747 568 780 625 id
796 567 974 644 precavisse

295 665 428 740 apertuit.
469 666 536 722 Am.
557 664 713 741 Blephare,
728 666 873 741 suppetias
891 665 973 722 milei.

133 759 166 808 25
180 757 222 816 ΒΙ.
246 758 410 819 Consimiles
424 770 490 819 sunt
504 762 582 833 adea,
595 770 628 819 ut
641 763 703 819 atri
718 763 813 833 assitit,
828 763 973 820 nesciam:

295 859 386 916 rixam
399 866 501 930 tamen,

185 951 222 1010 Ut
230 962 335 1029 petest,
347 954 486 1012 dirimam.
520 955 702 1032 Amphitruo,
713 956 772 1013 neti
785 956 973 1032 Amphitruo-

296 1071 355 1108 nem
369 1051 459 1110 duella
467 1053 605 1128 perderee

180 1147 293 1223 Linque
308 1149 414 1220 cottum,
425 1167 536 1225 precer.
577 1148 624 1207 Ju.
640 1149 729 1206 Hune
743 1158 774 1206 tu
786 1149 974 1225 Amphitr-na-

295 1264 354 1302 nem
368 1245 509 1303 dictitas?

180 1339 223 1398 Bl.
249 1340 332 1408 Quid
350 1343 404 1399 ni?
425 1361 498 1400 unus
518 1343 602 1408 alirn,-
629 1362 703 1400 nnne
723 1363 787 1401 aera
803 1351 908 1418 partus
928 1351 972 1401 est

295 1440 432 1512 geminus.
489 1422 492 1428 ¹

180 1532 260 1590 Dum
273 1542 304 1592 tu
319 1536 361 1592 vis
375 1519 441 1607 esse,
455 1535 529 1594 alter
542 1554 649 1612 queque
668 1555 725 1593 esse
736 1535 838 1612 forma
857 1555 912 1593 nen
925 1535 972 1594 de-

298 1632 376 1689 sinit.

137 1726 168 1775 ³⁰
180 1725 295 1786 Interea
315 1748 407 1804 quasa
426 1729 524 1786 cellum
545 1731 646 1806 linque.
688 1728 735 1787 Ju.
761 1730 896 1806 Linque:
921 1729 973 1788 sed

298 1826 344 1882 die
358 1827 435 1896 milei,
450 1825 595 1883 videturne
609 1826 664 1883 tibi

183 1920 253 1978 Istie
273 1922 467 1998 Amphitruo?
518 1923 560 1980 ΒΙ.
588 1922 709 1998 Uterque
733 1922 850 2000 quidem.
902 1922 968 1980 Aue

298 2018 380 2076 Pron
394 2039 494 2077 summe
506 2019 662 2095 duppiter!
684 2020 733 2076 ubi
746 2019 825 2077 inedie

181 2114 257 2172 Mitti
268 2114 395 2192 formam
416 2115 539 2173 adimis!
556 2134 647 2192 perge
661 2135 802 2193 quarere:
822 2124 888 2174 tune
901 2114 972 2174 Am·

293 2213 433 2288 pleitrue?
475 2212 522 2270 Ju.
551 2213 595 2269 Tu
610 2217 720 2288 negas?

180 2309 247 2366 Am.
268 2309 411 2384 Pernego,
440 2309 552 2386 qnando
577 2309 689 2381 Thebis,
708 2317 817 2385 prater
846 2329 896 2381 me,
924 2329 970 2368 ne·

298 2425 339 2463 mv
354 2407 390 2463 ’st
404 2407 478 2464 atter
491 2406 670 2482 Amphitruo.

180 2502 228 2560 Ju.
248 2503 344 2574 Inna,
357 2510 464 2578 prater
482 2523 532 2573 ene,
546 2521 640 2566 nemer
661 2511 745 2578 atque
759 2501 836 2573 adeo,
850 2509 883 2558 tu
902 2501 970 2561 Ble-

293 2600 396 2674 pltare,
402 2597 493 2676 judea
506 2601 568 2657 sies.

136 2705 167 2754 35
181 2696 223 2754 ΒΙ.
245 2696 366 2753 Faciam
386 2696 426 2767 id,
448 2697 475 2753 si
494 2714 572 2771 queo,
593 2695 685 2771 signis
704 2697 812 2771 palam.
859 2694 905 2752 Ήι
927 2715 985 2754 re·.

298 2792 401 2867 sponde
414 2792 504 2868 prins.
547 2792 613 2848 Am.
636 2791 759 2849 Lnbens.

181 2885 224 2945 ΒΙ.
245 2887 406 2965 Antequam
427 2907 487 2946 enm
506 2887 627 2963 Tapteris
642 2907 660 2944 a
675 2896 701 2945 te
714 2907 818 2966 pugna
832 2889 870 2946 sit
884 2888 966 2960 inita,

297 2984 369 3061 quid
379 2982 523 3042 mandasti
536 2982 625 3040 milei?
