2138 3386
236 257 438 306 nmrnmuuo
468 260 530 306 Aes.
546 259 577 305 n.
597 259 674 305 scer.
688 233 710 304 23.
886 245 926 305 tu

74 405 295 485 Exspectatum:
317 427 383 466 eum
397 409 500 466 salutat
514 410 605 504 mugis
619 408 695 465 haud
706 406 866 484 quisquam,

194 524 277 580 qnam
294 524 402 564 canem.

73 603 138 661 Am.
161 601 200 660 Et
214 621 281 660 cum
292 613 320 660 te
334 601 489 680 gravidum,
501 612 530 660 et
543 621 610 660 cum
620 601 740 678 pulchre
753 601 865 677 plenum

193 699 311 775 aspicio,
326 699 446 777 gaudeo.

72 795 122 854 Al.
144 795 278 853 Obsecro
291 807 412 869 ecastor,
423 796 492 873 quid
505 806 537 854 tu
547 815 594 855 me
608 795 760 853 deridiculi
774 793 866 872 gratid
879 797 911 848 50

74 894 125 952 Sic
149 893 279 950 salutusl
310 903 393 969 utque
422 891 546 970 appellas
571 893 652 969 quasi
676 892 784 949 dudum
809 910 867 949 non

113 980 119 990 Χ
193 990 307 1062 rideris,
379 1006 381 1016 ·

73 1085 227 1162 Quasique
248 1106 326 1144 nunc
346 1087 470 1164 primum
492 1086 661 1164 recipiente
679 1084 868 1143 domumhuc

193 1201 229 1242 ex
243 1183 381 1256 hostibus,

73 1280 173 1356 Atque
197 1299 243 1338 me
269 1300 347 1339 nunc
374 1281 494 1358 proinde
521 1281 655 1357 appellas,
676 1279 757 1356 quasi
778 1277 868 1336 multo

193 1389 258 1454 post
271 1379 396 1437 viderisl

73 1474 139 1532 Am.
161 1473 254 1532 lmmo
269 1475 400 1550 equidem
414 1485 453 1547 te,
464 1475 520 1533 nisi
530 1493 609 1533 nunc
620 1474 714 1547 hodie,
725 1491 867 1549 nusquam

192 1571 251 1629 vidi
265 1572 401 1648 gentium.

11 1735 15 1756 ,
74 1668 123 1729 ΑΙ.
146 1669 208 1727 Cur
228 1671 336 1746 negaui
375 1669 440 1729 Am.
464 1668 546 1731 Quia
566 1688 632 1728 veru
652 1669 741 1727 didici
762 1668 867 1726 dicere.

195 1766 244 1824 At.
268 1767 352 1823 Haud
369 1785 481 1842 mquum
496 1765 574 1837 facit,
880 1766 913 1818 55

73 1865 136 1929 Qui
151 1864 228 1940 quod
242 1862 353 1934 didicit,
367 1864 397 1920 id
410 1863 540 1921 dediscit.
582 1863 630 1922 An
643 1861 846 1939 periclitamini

74 1962 158 2024 Quid
180 1961 266 2018 animi
289 1960 427 2017 habeuml
448 1959 498 2017 sed
519 1959 587 2034 quid
609 1959 665 2016 huo
683 1977 733 2016 vos
754 1959 869 2017 revorti·

196 2057 267 2114 mini
280 2067 338 2113 tum
352 2056 431 2114 citol

77 2156 124 2213 An
139 2164 168 2212 te
183 2153 341 2229 auspicium
357 2163 562 2210 commoratum
584 2153 646 2210 estl
668 2171 703 2210 au
718 2161 870 2228 tempestus

195 2250 343 2307 continet?
529 2244 536 2258 '

75 2347 139 2412 Qui
160 2364 218 2405 non
241 2346 334 2403 abiisti
356 2346 391 2406 ud
404 2345 542 2424 legiones,
558 2344 597 2404 itu
610 2346 653 2404 uti
667 2346 775 2404 dudum
794 2346 870 2404 dixe-

86 2496 89 2502 .
197 2445 262 2500 rusi

76 2540 143 2598 Am.
175 2539 309 2597 Dudum!
335 2538 552 2614 quamdudum
576 2539 650 2596 istuc
674 2538 781 2596 factum
807 2540 870 2596 estl

197 2634 245 2693 Ar.
267 2633 394 2704 Tentas3
412 2634 604 2710 jamdudum,
618 2635 738 2710 pridem,
754 2635 849 2693 modu.
882 2647 914 2697 60

77 2731 144 2790 Am.
164 2729 228 2792 Qui
252 2730 326 2788 istuc
349 2730 424 2807 potis
445 2740 489 2789 est
511 2731 583 2803 lieri,
605 2750 711 2808 quaeso,
734 2741 766 2788 ut
787 2731 870 2803 dicis,

195 2827 374 2904 jamdudum,
390 2827 495 2885 modol

79 2924 129 2985 Al.
155 2923 237 2986 Quid
262 2924 338 2982 enim
364 2926 483 2982 censesl
511 2934 540 2982 te
563 2933 595 2982 ut
618 2923 749 2982 deludam
771 2932 872 2980 contre

197 3021 321 3079 lusorem
336 3039 440 3093 meum,

201 3137 217 3175 r
315 3119 336 3174 5
