2138 3386
282 237 487 285 nueurrnuo.
517 239 579 285 nce.
595 239 613 284 r.
634 240 711 286 scen,
727 239 747 284 1.
926 226 965 284 33

113 383 292 444 Factumest
306 387 386 460 illud,
399 398 432 445 nt
445 405 499 465 ego
520 387 581 448 illic
593 387 653 446 rini
668 389 796 446 hirneam
810 387 906 459 ebibe·

231 483 284 540 rinr
299 485 379 542 meri.

112 577 170 636 He.
197 578 279 641 Quid
307 582 406 638 nunc?
440 581 553 638 vincon'
582 582 766 658 argumentis,
790 592 819 640 te
845 601 904 640 nou

232 694 294 733 esse
308 677 440 734 Sosiam?

112 770 160 828 So.
189 769 236 828 Tu
262 789 349 846 negas
377 770 442 828 med
469 772 553 830 esset
603 772 659 830 Me.
686 772 770 834 Quid
793 792 849 850 ego
873 773 902 832 ni

231 885 343 943 negem,
358 867 405 941 qui
421 879 534 943 egomet
547 868 638 927 siemi

112 963 162 1022 So.
189 962 244 1022 Per
258 963 277 1022 J
279 981 358 1022 ovem
370 963 436 1040 juro
449 964 514 1021 med
529 983 611 1022 erse:
634 983 727 1041 neque
740 985 787 1024 me
801 966 902 1024 salsum

231 1060 335 1119 dicere.

111 1155 169 1215 Me.
196 1156 238 1216 At
251 1174 305 1232 ego
318 1175 367 1232 per
382 1153 560 1214 Mercurium
571 1157 646 1234 juro,
661 1158 712 1216 tibi
728 1157 829 1218 Jovem
843 1178 902 1217 non

231 1253 362 1310 credere:
914 1258 961 1307 28⁰

110 1349 189 1408 Nam
203 1349 325 1427 injurato
338 1350 400 1407 scio
419 1349 483 1426 plus
497 1351 594 1408 credet
609 1351 689 1423 mihi,
704 1371 789 1427 quam
806 1352 902 1429 jurnto

230 1446 290 1503 ribi.

111 1542 160 1601 Su.
186 1542 264 1604 Quis
277 1561 332 1619 ego
353 1562 415 1600 sum
435 1542 548 1615 saltem„
561 1543 585 1601 si
599 1563 657 1600 nou
671 1563 734 1602 sum
748 1545 852 1604 Sosia?
873 1557 901 1606 te

231 1639 383 1714 interrogo.

6 1733 10 1794 Ϊ
110 1735 167 1795 Me.
195 1735 252 1794 Ubi
273 1754 328 1812 ego
349 1735 433 1793 Sosia
452 1735 540 1793 nolim
561 1755 633 1806 esse,
648 1747 679 1794 tu
694 1747 754 1795 esto
768 1757 836 1802 sene
851 1739 902 1798 So·

230 1851 279 1888 sre.

110 1928 201 1987 Nunc
220 1929 334 2004 quando
354 1947 410 2005 ego
429 1947 503 2000 sum,
524 1930 671 2006 vapulabis
689 1931 720 1989 ni
740 1930 809 1990 hinc
830 1933 900 2005 nbis,

230 2025 372 2102 ignobilis.

109 2121 159 2181 So.
187 2122 275 2179 Certe
297 2121 407 2196 edepol,
423 2140 507 2197 quoru
523 2121 601 2179 illum
617 2125 789 2201 contemplo,
804 2136 833 2183 et
847 2127 902 2184 for-

228 2237 303 2276 mam
319 2237 465 2294 cognosco
480 2237 581 2290 meam,
913 2233 961 2282 285

108 2314 363 2377 Quemadmodum
384 2333 438 2391 ego
459 2333 520 2372 sum
538 2315 627 2391 (sepe
648 2317 676 2374 in
698 2319 845 2393 speculum
860 2319 901 2378 in·

230 2411 322 2490 rpexi)
338 2411 423 2468 nimis
436 2411 519 2468 simil'
535 2423 577 2468 est
592 2413 655 2470 mei.

109 2506 214 2568 Itidem
239 2507 324 2564 habet
348 2517 486 2583 petasum,
512 2527 546 2564 nc
569 2509 721 2567 vestitum:
752 2521 810 2568 tam
834 2530 901 2570 con-

228 2603 310 2662 simil'
327 2613 370 2661 est
385 2616 468 2679 utque
481 2623 544 2681 ego.

110 2700 195 2770 Sura,
209 2718 270 2774 pes,
285 2709 401 2771 stature,
413 2710 521 2772 tonsus,
532 2701 620 2772 conii,
632 2720 742 2773 nasum,
754 2702 797 2760 vel
811 2703 900 2775 lubra,

110 2794 209 2868 Male,
220 2807 358 2866 mentum,
370 2796 466 2868 barbe,
477 2797 601 2856 collum:
620 2799 709 2856 totus!
730 2799 799 2874 quid
809 2800 902 2860 verbis

230 2893 342 2967 opu’sti
