2150 3386
263 275 454 322 antoniam.
483 277 544 321 acu.
560 275 602 320 tv.
623 276 697 322 scus.
712 277 734 321 a.
897 265 953 322 137

103 423 140 484 Id
164 443 259 483 meum
282 424 419 500 quiequid
441 424 536 498 habes,
557 426 652 484 redde.
694 425 739 482 St.
764 423 894 481 Insanis:

222 532 414 596 perscrutatus
428 541 459 580 es

104 616 175 674 Tuo
194 617 339 691 arbitratu,
353 637 446 693 neque
466 618 508 676 tui
522 637 568 676 me
588 618 742 694 quisquam
762 616 896 675 invenisti

223 733 319 789 penes.

105 809 166 868 Eu.
193 809 290 883 Mane,
313 829 412 868 mane:
437 811 501 886 quis
522 811 582 869 illio
603 821 656 883 est,
678 810 727 887 qui
749 808 797 867 hie
818 809 896 866 intus

225 908 294 964 alter
314 919 374 964 erat
393 917 489 964 tecum
510 908 614 965 simuli

104 1002 182 1061 Perii
206 1002 319 1060 hercle!
348 1004 396 1060 ille
419 1022 498 1060 nuno
525 1004 602 1061 intus
629 1003 740 1060 turbat:
768 1003 846 1059 huno
869 1001 894 1059 si

224 1099 330 1166 amitto,
353 1100 401 1156 hio
422 1100 531 1158 abierit.
620 1177 622 1182 Ι

104 1195 252 1254 Postremo
263 1196 321 1272 jam
333 1196 409 1252 huno
419 1195 602 1271 perserutavi.
644 1195 703 1252 Hie
717 1195 787 1252 nihil
799 1195 893 1252 babet.

223 1293 280 1350 Abi
294 1311 351 1368 quo
365 1293 451 1349 lubet.
907 1311 939 1361 3⁰

104 1387 235 1463 Juppiter
250 1397 278 1444 te
297 1385 392 1461 Dique
405 1386 533 1463 perdant.
574 1386 619 1444 St.
642 1385 727 1444 Haud
742 1386 815 1442 male
837 1385 896 1463 agit

222 1485 335 1560 gratias.

104 1580 165 1638 Eu.
187 1579 240 1639 Ibo
255 1581 322 1637 bino
343 1580 427 1652 intro,
443 1591 526 1655 atque
547 1580 588 1638 illi
610 1579 747 1638 socienno
767 1590 818 1636 tuo
834 1579 894 1656 jam

223 1677 433 1754 interstringam
448 1677 553 1754 gulam.

104 1771 210 1849 Fugin'
226 1771 345 1827 hincab
363 1771 475 1828 oculis?
497 1772 571 1828 abin'
587 1771 664 1842 hino,
681 1789 715 1827 an
730 1772 808 1828 nont
848 1769 895 1827 st·

225 1868 316 1925 Abeo.
357 1867 418 1925 En.
439 1867 516 1925 Cave
530 1868 611 1925 siste
625 1867 744 1925 videam.

412 2165 534 2221 SGENA
560 2167 595 2221 V.

416 2353 593 2412 Suaoaruus.

148 2545 324 2604 Emoavuum
339 2563 393 2622 ego
408 2564 453 2603 me
467 2546 597 2603 mavelim
612 2546 670 2604 leto
684 2545 769 2619 malo,

105 2642 205 2705 Quam
221 2661 278 2698 non
293 2661 348 2718 ego
363 2641 402 2699 illi
417 2642 480 2698 dem
497 2642 581 2699 hodie
596 2643 712 2700 insidias
726 2643 796 2701 seni.

108 2737 139 2796 N
142 2757 186 2795 am
201 2738 249 2795 hio
260 2738 317 2813 jam
332 2757 389 2794 non
405 2739 519 2795 audebit
534 2757 631 2796 aurum
648 2740 819 2798 abstrudere.

110 2833 206 2892 Credo
220 2835 322 2892 reseret
333 2834 390 2911 jam
406 2852 513 2904 secum,
529 2845 557 2892 et
571 2836 690 2892 mutabit
705 2835 809 2893 locum.

110 2931 180 2988 Atat
189 2931 257 2988 soris
268 2931 394 3006 crepuit!
410 2950 494 2988 senex
505 2950 605 2988 eccum
616 2951 714 2988 aurum
724 2933 804 2989 effert
816 2933 897 2988 foras.
911 2935 928 2984 5

110 3026 265 3103 Tantisper
280 3027 328 3083 hio
343 3046 397 3103 ego
413 3027 446 3083 ad
459 3027 574 3103 januam
590 3045 768 3084 conoessero.

349 3123 410 3181 13*
