2150 3386
141 211 195 268 156
404 223 597 272 AULULARIA.
628 223 779 269 Soreosmu.

196 370 281 430 Modo
294 374 363 431 milii
376 382 506 450 apportet
520 374 616 431 aulam
629 392 700 430 auro
708 391 784 449 puro
794 385 934 445 gravam

166 471 182 517 5
201 465 240 524 Ut
253 466 418 526 Euclionem
432 487 553 526 socerum
568 488 599 525 en
613 469 689 525 luctu
704 466 848 524 retraham

196 562 248 620 Ad
260 564 444 636 hilaritatem,
459 573 486 622 ct
500 566 568 622 milri
583 564 723 622 conciliem
727 561 836 639 filiam,

196 658 245 716 En
258 680 413 737 compressu
426 683 482 719 meo
496 682 594 719 nouom
604 679 780 737 puerperam

195 756 254 813 sed
266 777 324 814 ecce
337 758 411 814 redit
425 767 540 814 onustus
555 757 707 814 Strobilvs.
755 753 793 811 Ut
806 773 879 824 reor,

196 853 301 910 Aulam
315 863 458 930 apportat.
500 854 544 911 Et
559 863 630 911 certe
644 861 685 910 est
699 853 777 922 aulo,
792 871 874 928 quam
886 852 976 924 gerit.

153 957 182 1004 lo
196 950 237 1006 St.
259 950 414 1026 Lyconide,
429 959 547 1026 apporto
560 951 701 1007 inventum
711 949 879 1024 promissum
892 948 959 1018 tibi,

195 1047 301 1102 Aulam
316 1049 382 1104 auri
396 1047 606 1124 quadrilibrem.
647 1045 725 1102 Num
739 1043 879 1119 serusfui
888 1047 901 1099 t

196 1143 246 1218 Ly.
268 1142 381 1219 Nempe.
428 1144 457 1200 0
479 1143 522 1200 dii
542 1143 719 1213 immortales,
739 1141 811 1217 quid
830 1139 920 1211 video,
940 1148 991 1197 aret

314 1240 386 1316 quid
398 1241 506 1298 labeo?

195 1338 270 1395 Plus
285 1346 422 1394 sexcentos
436 1337 603 1412 Philippeos
618 1345 661 1392 ter
675 1343 702 1393 et
715 1343 824 1411 quater.

196 1435 255 1492 secl
267 1453 402 1491 evocemus
417 1433 583 1491 Euclionem
591 1432 734 1508 protinus.

154 1545 183 1592 15
197 1531 247 1606 Ly.
283 1530 311 1587 0
339 1530 454 1601 Euclio,
482 1529 595 1586 Euclio.
639 1528 697 1585 Me.
730 1527 845 1600 Euclio,
874 1526 987 1586 Euclio.

314 1627 369 1684 Eu.
395 1626 478 1694 Quid
490 1629 555 1683 est?

196 1725 247 1798 Ly.
270 1723 415 1781 Descende
425 1722 465 1780 ad
476 1742 544 1780 nos:
565 1742 629 1779 narn
640 1722 683 1778 dii
693 1730 720 1779 te
731 1729 872 1778 servatum
882 1720 987 1779 volunt.

197 1821 342 1878 Habemus
370 1821 472 1876 aulam.
515 1819 569 1876 Eu.
598 1818 767 1889 Habetisne,
789 1837 827 1874 on
851 1837 891 1876 me
915 1817 990 1876 delu-

313 1916 407 1974 ditis?

197 2013 248 2089 Ly.
269 2013 426 2084 Habemus,
441 2013 563 2088 inquam.
605 2011 700 2082 Modo,
720 2011 745 2068 si
760 2019 851 2088 potes,
866 2011 919 2067 luc
940 2009 989 2068 ad·

314 2109 385 2166 oola.

198 2206 252 2263 Eu.
278 2206 307 2262 0
320 2225 421 2281 magne
430 2204 589 2281 'Juppiterl
610 2225 626 2261 o
639 2204 705 2261 Lar
710 2203 885 2280 familiaris,
900 2211 926 2262 et

154 2309 185 2356 20
199 2302 318 2378 Regina
330 2301 416 2372 Jnno,
431 2311 457 2359 et
471 2310 563 2359 noster
577 2300 753 2357 thesaurario

171 2439 176 2462 e
199 2399 310 2470 Alcide,
326 2398 436 2456 tandem
449 2399 579 2455 miserari
593 2397 720 2454 miserum
733 2396 841 2453 senem!

203 2497 260 2568 On,
274 2495 318 2566 oli,
333 2515 416 2571 qnam
430 2495 512 2565 latis,
528 2495 606 2565 aulo,
621 2492 675 2550 tibi
689 2493 794 2550 amicus
809 2511 888 2550 senen

202 2593 373 2669 Complector
386 2593 470 2664 ulnis,
485 2600 511 2649 et
526 2600 551 2649 te
565 2591 642 2648 dulci
655 2591 736 2666 capio
749 2589 861 2646 osculo!

201 2689 322 2764 Expleri
336 2708 437 2764 nequeo
450 2688 524 2744 mille
538 2689 581 2744 oel
594 2687 782 2762 complexibus.

155 2789 186 2834 25
204 2785 233 2839 0
247 2802 317 2856 spes,
332 2801 347 2837 o
362 2784 428 2838 cor!
450 2784 553 2838 luctum
567 2783 751 2858 depuloerans
765 2801 858 2839 meum.

200 2877 251 2948 Ly.
273 2876 354 2930 Auro
368 2895 462 2931 carere
475 2895 579 2950 semper
593 2878 661 2934 duni
669 2895 827 2952 pessumum

200 2967 245 3022 Et
253 2971 363 3042 pueris,
378 2970 498 3039 clatris,
513 2978 538 3026 et
554 2973 664 3028 senibus
678 2972 811 3029 omnibus.
