2150 3386
264 257 455 305 cucumam.
484 259 602 304 rcarv.
623 258 698 304 scas.
712 257 734 304 r.
896 238 952 302 189

395 513 517 567 SCENA
540 512 601 566 VH.

222 697 408 758 Laconicas.
436 696 590 756 Euuoum.
618 697 774 755 Primnum.

142 891 202 967 Ly.
223 889 296 947 Drxr
309 887 373 960 tibi,
386 901 491 948 mater:
510 891 590 967 juxta
601 909 659 948 rem
676 907 787 946 mecum
802 897 894 960 tenes,

103 987 198 1062 Super
211 987 361 1044 Euclionis
375 987 440 1044 filia.
482 987 580 1058 Nunc,
595 997 623 1042 te
638 987 767 1057 obsecro,

104 1084 166 1141 Fac
180 1085 352 1140 mentionem
368 1102 434 1140 curu
449 1083 596 1154 avunculo,
611 1093 700 1140 mater
714 1099 795 1138 mea:

104 1179 300 1254 Resecroque‚
316 1190 414 1250 mater,
429 1179 504 1254 quod
519 1179 625 1235 dudum
641 1180 863 1236 obsecraveram.

103 1275 163 1334 Eu.
188 1277 252 1333 Scis
266 1287 335 1346 tute,
351 1276 424 1334 sacta
438 1276 510 1333 velle
525 1295 580 1346 me,
595 1294 657 1350 quae
674 1285 704 1332 tu
718 1274 796 1332 velis.
906 1285 923 1336 5

104 1372 143 1429 Et
157 1372 230 1429 istuc
244 1372 357 1429 confido
372 1391 388 1428 a
401 1371 486 1430 fratre
500 1391 545 1429 me
560 1373 763 1448 impetrassem.

104 1469 144 1526 Et
156 1487 243 1526 causa
254 1469 331 1545 justa
344 1479 395 1539 est,
410 1469 551 1542 siquidem
566 1469 605 1526 ita
618 1478 661 1526 est
675 1477 705 1525 ut
719 1466 868 1543 praedicas,

103 1563 151 1621 'I'e
165 1583 226 1621 earn
242 1565 442 1639 compressisse
457 1564 643 1634 vinolentum,
658 1563 805 1640 virginem.

104 1661 163 1735 Ly.
185 1659 285 1736 Egone
300 1671 330 1716 ut
345 1670 372 1717 te
387 1660 535 1716 advorsum
551 1659 681 1729 mentiar,
696 1668 785 1716 mater
799 1658 882 1716 meai

104 1757 163 1813 Pb.
186 1756 271 1827 Perii,
286 1775 349 1813 mea
363 1757 474 1813 nutrix!
496 1757 616 1813 obsecro
630 1754 670 1812 te!
908 1767 939 1818 ιο

104 1852 182 1910 Juno
195 1853 301 1922 lucina,
316 1863 393 1909 tuam
412 1853 513 1910 fidem!
535 1853 593 1928 Ly.
617 1851 702 1920 Hem,
717 1860 807 1908 mater
822 1868 895 1922 mea,

103 1948 175 2006 Tibi
190 1967 248 2005 rem
263 1949 401 2024 potiorem
417 1949 516 2006 video:
539 1949 652 2018 clamat,
666 1947 795 2024 parturit.

107 2044 163 2103 Eu.
192 2044 206 2102 1
228 2046 281 2103 bac
303 2047 378 2102 intro
398 2064 521 2115 mecum,
543 2055 629 2122 gnate
652 2044 702 2116 mi,
724 2044 759 2101 ad
780 2043 895 2100 fratrem

223 2160 328 2212 meum,

106 2237 144 2295 Ut
158 2237 230 2294 istuc
245 2238 320 2312 quod
334 2248 364 2293 tu
379 2255 425 2294 me
439 2256 513 2307 oras,
527 2237 649 2294 efficiam
664 2235 726 2306 tibi,

105 2333 144 2390 Ut
155 2333 228 2390 istuc
239 2332 315 2407 quod
327 2351 371 2390 me
385 2352 458 2405 oras,
471 2335 650 2409 impetratum
663 2332 697 2388 ab
711 2349 746 2389 eo
761 2331 894 2389 auferam.
909 2345 940 2396 15

105 2430 163 2505 Ly.
186 2428 210 2499 I,
222 2429 280 2505 jam
295 2448 396 2503 sequor
410 2442 448 2500 re,
463 2442 561 2487 marer.
604 2429 661 2486 Sed
676 2447 785 2485 servom
800 2447 896 2485 meum

105 2526 261 2583 Strobilum
276 2526 363 2582 miror
377 2526 425 2582 ubi
441 2526 486 2596 sit,
501 2545 584 2601 quem
600 2544 654 2602 ego
668 2543 713 2582 me
724 2524 863 2602 jusseram

105 2621 166 2679 Hic
180 2622 311 2697 opperiri.
355 2621 444 2678 Nunc
457 2640 511 2698 ego
525 2640 639 2679 mecum
651 2621 758 2698 cogito,

105 2718 138 2776 Si
153 2718 221 2775 mihi
237 2719 284 2775 dat
298 2736 423 2794 operam,
438 2737 484 2776 me
499 2718 539 2774 illi
553 2718 639 2775 irasci
653 2717 787 2794 injurium
801 2726 852 2775 est.

107 2814 158 2872 Ibo
174 2815 258 2883 intro,
274 2816 323 2873 ubi
337 2815 373 2872 de
387 2815 481 2890 capite
495 2832 559 2872 meo
572 2825 638 2872 sunt
652 2813 776 2872 comitia
907 2827 940 2880 ω

989 1131 996 1162 i
