2138 3386
127 201 167 262 54
342 209 545 258 Aoffflfflwo.
574 209 637 256 Ace.
652 208 684 254 11.
703 208 780 252 scen.
794 205 816 250 e

129 369 175 419 120
188 358 360 418 Audivistin'
376 371 407 418 tu
428 359 514 418 hodie
534 377 581 416 me
602 357 644 416 illi
663 357 761 416 dicere
781 373 825 428 ea,
847 373 911 430 quae
933 353 983 414 iila

306 458 452 514 autumat?

187 552 235 612 so.
265 552 385 626 Quaeso,
409 553 520 629 edepol,
544 571 613 610 num
637 561 669 610 tu
692 568 807 626 quoque
830 549 918 608 etiem
940 549 982 606 in·

285 691 287 697 ι
306 650 392 722 sanis,
407 669 474 708 cum
488 650 516 707 id
531 668 578 706 me
592 648 769 724 interrogas?

186 745 250 810 Qui
271 747 349 822 ipsus
369 747 502 822 equidem
523 765 601 804 nunc
619 741 744 822 primum
768 743 859 800 istanc
883 750 981 800 tecum

307 843 454 918 conspicio
468 843 561 900 simul.

187 939 253 998 Am.
273 938 356 1001 Quin
370 958 459 1010 nunc,
470 939 581 1014 mulier,
594 937 689 996 audin'
702 937 803 994 illum?
843 935 894 992 Al.
916 933 982 1012 Ego

306 1055 389 1105 vero;
412 1055 445 1093 ac
459 1036 560 1093 falsum
575 1035 680 1092 dicere.

188 1131 253 1190 Am.
282 1131 386 1207 Neque
407 1143 439 1189 tu
462 1127 625 1206 illincque
645 1129 685 1188 mi
707 1129 769 1188 viro
790 1128 844 1205 ipsi
866 1126 981 1186 credis?

306 1229 355 1286 Al.
377 1228 422 1285 Eo
436 1228 476 1299 fit,
491 1227 559 1304 quia
571 1227 642 1284 mihi

129 1335 175 1385 12⁵
188 1324 347 1384 Plurimum
368 1325 464 1396 credo,
479 1335 508 1382 et
528 1324 589 1382 scio
610 1324 664 1383 ista
684 1323 746 1382 haec
767 1322 843 1382 sacta
860 1322 983 1399 proinde

305 1434 337 1481 ut
350 1425 511 1500 proloquor.

187 1519 253 1578 Am.
274 1521 351 1578 Tun'
365 1539 410 1578 me
421 1520 483 1577 heri
497 1519 644 1578 advenisse
655 1520 747 1577 dicis?
788 1519 839 1576 Al.
861 1517 940 1576 Tun'
952 1529 983 1576 te
1058 1529 1059 1586 i

306 1616 398 1674 abisse
413 1617 497 1675 hodie
513 1617 580 1674 hinc
594 1618 702 1694 neges?
1055 1615 1059 1728 i

188 1713 252 1774 Am.
273 1713 359 1790 Nego
380 1715 533 1784 enimvero,
553 1723 582 1770 et
603 1732 648 1771 me
671 1712 805 1770 advenire
825 1730 904 1770 nunc
923 1711 983 1788 pri-

306 1830 383 1868 mum
399 1811 445 1868 aio
459 1811 493 1868 ad
508 1821 536 1868 te
550 1810 676 1868 domum.
1058 1755 1059 1842 i

187 1905 237 1964 Al.
265 1906 405 1978 Obsecro,
426 1907 550 1964 etiamne
571 1907 626 1963 hoc
647 1905 788 1983 negabis?
815 1916 844 1964 te
866 1923 982 1964 auream

304 2014 429 2079 poteram
445 2003 514 2060 mihi

187 2098 309 2158 Dedisse
329 2101 405 2157 dono
425 2100 520 2170 hodie,
541 2098 598 2174 qud
622 2108 651 2156 te
676 2098 736 2156 illic
756 2099 893 2156 donatum
916 2117 983 2158 esse

284 2196 437 2253 dixeras?

129 2305 175 2355 m
188 2292 253 2350 Am.
274 2291 377 2367 Neque
397 2291 498 2366 edepol
519 2291 595 2364 dedi,
610 2310 704 2367 neque
724 2291 799 2348 dixi:
821 2309 919 2348 verum
941 2291 983 2349 ita

308 2389 448 2445 animatus
462 2387 513 2460 fui,

187 2484 288 2561 Itaque
308 2503 385 2542 nunc
405 2504 478 2556 sum,
493 2497 524 2544 ut
544 2486 578 2544 ed
598 2496 627 2544 te
646 2484 744 2561 poterd
765 2485 877 2542 donem.
920 2484 980 2542 Sed

306 2582 369 2657 quis
384 2581 458 2639 istuc
471 2582 525 2640 tibi
633 2597 638 2606 '

187 2677 287 2737 Dixit?
327 2679 377 2735 Al.
399 2677 464 2755 Ego
484 2678 596 2754 quidem
618 2696 653 2736 ex
673 2687 701 2734 te
719 2677 823 2748 audivi,
838 2687 866 2734 et
879 2695 915 2734 ex
927 2677 980 2734 tud

306 2774 405 2848 accepi
418 2793 503 2830 manu

187 2868 327 2928 Poteram.
368 2871 434 2926 Am.
456 2869 553 2940 Mane,
575 2887 658 2928 mane
682 2870 803 2928 obsecro
823 2880 869 2928 te:
891 2869 980 2928 nimie
1058 2929 1059 2952 χ

305 2966 438 3038 demiror,
454 2966 546 3038 Sosia,
602 3034 607 3043 „

326 3101 338 3130 0
