2138 3386
119 241 159 301 22
335 257 537 305 nurfflrnuo
566 261 628 304 nor.
644 259 662 304 r.
682 259 760 305 scer.
776 260 795 304 1.

121 410 166 459 115
179 403 227 463 So.
255 405 342 464 Certe
373 409 473 483 edepol
498 409 567 480 seio,
592 409 616 466 ri
644 409 718 466 uliud
744 409 898 484 quicquum
923 421 967 466 est

297 505 370 578 quod
387 506 511 577 credam,
528 516 576 563 aut
589 517 668 563 eerto
683 506 782 577 solam,

1063 489 1066 522 l

178 599 274 658 Credo
294 620 349 679 ego
370 603 423 660 huo
444 615 530 661 nootu
550 601 734 661 Nocturnum
759 604 967 663 obdormivisse
1065 669 1066 688 ἶ

294 700 413 759 ebrium.

177 797 254 856 Nam
277 815 368 873 neque
388 817 419 855 se
440 799 655 873 Septentriones
675 817 819 874 quoquam
840 798 870 857 in
892 798 967 856 ooelo

295 909 484 966 commovent,

176 990 281 1067 Neque
301 1011 331 1049 se
351 991 435 1048 Luna
447 1010 590 1079 quoquam
611 1001 701 1048 mutat
716 1003 799 1066 atque
814 990 855 1049 uti
869 1001 967 1049 exorte

221 1139 227 1162 ,
295 1089 446 1146 estsemel.

176 1184 243 1243 Neo
263 1186 386 1263 Jugulre,
408 1204 501 1261 neque
516 1185 694 1263 Vesperugo,
715 1203 807 1261 neque
828 1185 967 1264 Vergilioe

295 1283 440 1341 oooidunt.

80 1405 82 1410 ·
120 1387 164 1437 120
177 1379 221 1438 Ita
241 1381 334 1439 statim
356 1391 430 1438 stant
448 1379 545 1456 signa:
566 1397 659 1454 neque
673 1397 730 1436 nox
742 1396 885 1453 quoquam
900 1397 968 1436 oon·

295 1478 371 1535 cedit
385 1478 439 1534 die.

176 1573 232 1634 Me.
260 1573 361 1651 Perge,
377 1593 443 1645 nox,
457 1583 489 1630 ut
502 1571 668 1648 ocooepisti!
689 1589 757 1649 gere
771 1572 843 1648 patri
858 1591 966 1630 morem

294 1689 374 1728 meo:

176 1766 304 1844 Optumo
327 1778 442 1843 optume
465 1776 610 1842 optumum
635 1783 749 1840 operam
774 1765 843 1822 das:
871 1765 966 1824 datam

293 1865 411 1940 pulchre
425 1864 511 1921 loeas.

175 1961 223 2019 So.
251 1960 355 2037 Neque
375 1980 429 2038 ego
450 1961 504 2017 hro
524 1969 610 2017 noete
629 1958 787 2035 longiorem
804 1977 849 2016 me
864 1959 966 2018 vidisse
1065 1951 1066 1954 ¹

294 2076 415 2116 oenseo:

176 2153 243 2213 Nisi
264 2155 330 2213 item
352 2173 448 2225 uuam,
469 2152 633 2210 verberatus
653 2170 737 2226 quam
757 2150 880 2226 pependi
903 2170 967 2228 per·

155 2253 156 2260 ’
293 2262 395 2326 petem.

119 2351 164 2401 125
177 2347 249 2407 Eam
262 2367 376 2424 quoque
390 2346 489 2422 edepol
504 2345 589 2402 etiam
611 2344 701 2402 multo
716 2343 777 2401 haeo
790 2343 860 2401 vicit
874 2344 967 2423 longi·

293 2445 399 2501 tudine.

177 2541 272 2601 Credo
295 2541 394 2617 edepol
423 2539 555 2614 equidem
579 2537 703 2594 dormire
735 2537 848 2608 Solem;
882 2548 967 2613 utque

295 2648 427 2713 appotum
442 2637 537 2712 probe.

177 2735 253 2794 Mire
276 2745 351 2803 sunt,
375 2734 430 2792 nisi
454 2732 581 2791 invitavit
607 2749 670 2790 sese
693 2731 722 2789 in
747 2730 830 2789 ooenri
852 2732 967 2808 pluscu-

294 2832 361 2889 lum.

177 2927 233 2988 Me.
262 2929 329 2985 Ain’
351 2946 426 2999 vero,
448 2926 585 2984 verberol
615 2923 684 2982 deos
707 2943 770 2982 esse
793 2925 835 2981 tui
859 2924 966 2982 similes

293 3026 394 3101 putaui
