2150 3386
248 243 438 290 Admissis.
468 244 528 288 Aci.
544 243 588 288 111.
608 243 718 288 senec
878 233 933 291 123

86 395 139 453 Me
160 393 234 450 haud
255 394 382 469 poenitet,
404 403 509 450 tuane
529 402 666 467 expetam.
707 391 766 448 Eu.
789 390 874 448 Scio:

206 510 242 548 ne
255 491 338 561 doce,
353 489 427 546 novi.
887 489 919 538 w

87 585 138 645 Co.
168 587 250 648 Quid
274 597 326 658 est,
351 585 407 660 qud
429 584 580 661 prohibeas
606 602 683 640 nunc
707 583 798 660 gratid
822 601 875 641 nos

206 701 329 758 coquere
343 681 391 738 hic
405 681 535 738 coenami

84 778 170 841 Quid
191 779 329 836 fecimus?
350 779 418 855 quid
439 777 562 834 diximus
581 775 632 834 tibi
651 777 776 853 sequius,
790 795 874 853 quam

65 861 70 869 ’
204 875 309 932 vellesi
822 884 827 890 “

86 969 148 1029 Eu.
170 971 264 1028 Etiam
288 971 404 1048 rogitas,
426 969 546 1028 sceleste
570 969 664 1041 homo,
685 970 734 1045 qui
756 968 875 1046 angulos

205 1067 298 1124 omnis

87 1163 221 1220 Mestum
254 1163 357 1220 edium
384 1172 413 1220 et
440 1161 620 1220 conclavium
653 1162 723 1219 mihi
750 1162 874 1238 perviam

206 1258 318 1316 facitisi

86 1355 121 1412 Id
136 1355 185 1412 ubi
199 1355 252 1412 tibi
266 1365 326 1413 erat
340 1355 497 1432 negotium,
513 1355 548 1413 ad
562 1355 658 1412 focum
674 1356 697 1412 si
713 1356 835 1427 adesses,
887 1361 919 1410 25

86 1451 157 1509 Non
171 1451 256 1510 fissile
271 1452 388 1516 haberes
403 1461 496 1527 caput.
538 1450 645 1510 Merito
659 1453 687 1510 id
702 1453 753 1510 tibi
768 1453 875 1510 sactum

204 1558 255 1606 est.

87 1645 173 1703 Adeo
192 1655 224 1702 ut
242 1655 273 1701 tu
296 1663 386 1701 meam
413 1645 582 1702 sententiam
600 1645 659 1720 jam
676 1645 735 1721 jam
755 1662 875 1703 noscere

204 1741 305 1816 possis,

12 1863 19 1882 ·
87 1837 120 1895 Si
143 1837 178 1894 ed
196 1836 312 1912 januam
333 1837 390 1893 huc
411 1837 574 1909 accesseris,
596 1837 650 1894 nisi
672 1837 791 1914 jussero,
812 1855 875 1912 pro-

205 1933 278 2008 pius,

87 2027 154 2106 Ego
168 2039 196 2086 te
210 2030 311 2086 faciam
327 2029 501 2086 miserrimus
515 2030 641 2087 mortalis
656 2031 694 2088 uti
710 2031 756 2088 sis.

88 2125 155 2182 Scis
171 2124 229 2200 jam
250 2143 341 2182 meam
361 2125 550 2184 sententiam?
571 2146 627 2201 quo
642 2127 721 2184 abisi
742 2127 802 2184 redi
816 2145 875 2184 rur-

207 2239 278 2278 sum.
887 2227 918 2276 30

90 2315 140 2374 Oc.
161 2315 206 2373 Ita
220 2335 264 2374 me
278 2317 351 2374 bene
365 2327 439 2374 amet
453 2317 590 2389 Lavernae,
603 2319 710 2396 tejam,
725 2320 779 2378 nisi
794 2321 874 2379 reddi

88 2412 164 2470 Mihi
178 2431 245 2470 vasa
255 2413 348 2488 jubes,
362 2413 459 2488 pipulc
473 2411 522 2471 hic
535 2415 662 2473 differam
678 2428 743 2473 ante
757 2416 833 2476 aedis.

86 2507 170 2572 Quid
190 2527 245 2586 ego
265 2528 343 2566 nunc
363 2511 465 2584 agam?
485 2529 529 2568 ne
550 2529 605 2589 ego
624 2512 725 2589 edepol
738 2514 803 2570 veni
818 2514 875 2572 huc

207 2605 335 2680 euspicio
347 2605 431 2663 malo.

87 2699 217 2758 Nummo
237 2719 299 2757 sum
321 2702 497 2760 conductus:
517 2703 582 2778 plus
599 2703 657 2781 jem
677 2705 791 2763 medico
805 2723 876 2764 mer·

207 2797 277 2855 cede
290 2817 362 2874 opus
375 2807 425 2856 est.
