<?xml version="1.0" encoding="UTF-8"?>
<!DOCTYPE html PUBLIC "-//W3C//DTD XHTML 1.0 Transitional//EN"
    "http://www.w3.org/TR/xhtml1/DTD/xhtml1-transitional.dtd">
<html xmlns="http://www.w3.org/1999/xhtml" xml:lang="en" lang="en">
 <head>
  <title>
</title>
<meta http-equiv="Content-Type" content="text/html;charset=utf-8" />
  <meta name='ocr-system' content='tesseract 3.04.00' />
  <meta name='ocr-capabilities' content='ocr_page ocr_carea ocr_par ocr_line ocrx_word'/>
</head>
<body>
  <div class='ocr_page' id='page_1' title='image "./macciiplautiamp00dillgoog/macciiplautiamp00dillgoog_0051.png"; bbox 0 0 2138 3386; ppageno 0'>
   <div class='ocr_carea' id='block_1_1' title="bbox 118 207 811 270">
    <p class='ocr_par' dir='ltr' id='par_1_1' title="bbox 118 207 811 270">
     <span class='ocr_line' id='line_1_1' title="bbox 118 207 811 270; baseline -0.001 -2"><span class='ocrx_word' id='word_1_1' title='bbox 118 207 159 268; x_wconf 74' lang='lat'>42</span> <span class='ocrx_word' id='word_1_2' title='bbox 331 219 536 268; x_wconf 73' lang='lat' dir='ltr'>Aueuuuuuo.</span> <span class='ocrx_word' id='word_1_3' title='bbox 565 223 628 270; x_wconf 58' lang='lat' dir='ltr'>ici.</span> <span class='ocrx_word' id='word_1_4' title='bbox 644 221 676 268; x_wconf 91' lang='lat'>11.</span> <span class='ocrx_word' id='word_1_5' title='bbox 697 221 774 268; x_wconf 66' lang='lat' dir='ltr'>scin.</span> <span class='ocrx_word' id='word_1_6' title='bbox 790 220 811 267; x_wconf 90' lang='lat'>1.</span> 
     </span>
    </p>
   </div>
   <div class='ocr_carea' id='block_1_2' title="bbox 124 365 972 3046">
    <p class='ocr_par' dir='ltr' id='par_1_2' title="bbox 124 365 972 3046">
     <span class='ocr_line' id='line_1_2' title="bbox 176 365 972 447; baseline 0 -23"><span class='ocrx_word' id='word_1_7' title='bbox 176 365 255 424; x_wconf 86' lang='lat' dir='ltr'>Tuu’</span> <span class='ocrx_word' id='word_1_8' title='bbox 271 367 300 425; x_wconf 95' lang='lat' dir='ltr'>id</span> <span class='ocrx_word' id='word_1_9' title='bbox 313 369 411 428; x_wconf 77' lang='lat' dir='ltr'>dicere</span> <span class='ocrx_word' id='word_1_10' title='bbox 427 371 533 429; x_wconf 78' lang='lat' dir='ltr'>audesi</span> <span class='ocrx_word' id='word_1_11' title='bbox 554 371 630 447; x_wconf 91' lang='lat' dir='ltr'>quod</span> <span class='ocrx_word' id='word_1_12' title='bbox 643 389 729 430; x_wconf 90' lang='lat' dir='ltr'>nemo</span> <span class='ocrx_word' id='word_1_13' title='bbox 742 387 867 446; x_wconf 79' lang='lat' dir='ltr'>unquam</span> <span class='ocrx_word' id='word_1_14' title='bbox 882 367 972 425; x_wconf 81' lang='lat' dir='ltr'>hordo</span> 
     </span>
     <span class='ocr_line' id='line_1_3' title="bbox 296 466 417 524; baseline 0.017 -2"><span class='ocrx_word' id='word_1_15' title='bbox 296 466 417 524; x_wconf 78' lang='lat' dir='ltr'>antehae</span> 
     </span>
     <span class='ocr_line' id='line_1_4' title="bbox 176 559 750 640; baseline 0.003 -22"><span class='ocrx_word' id='word_1_16' title='bbox 176 559 269 633; x_wconf 85' lang='lat' dir='ltr'>Vidit,</span> <span class='ocrx_word' id='word_1_17' title='bbox 283 581 338 619; x_wconf 88' lang='lat' dir='ltr'>neo</span> <span class='ocrx_word' id='word_1_18' title='bbox 350 573 444 638; x_wconf 85' lang='lat' dir='ltr'>potest</span> <span class='ocrx_word' id='word_1_19' title='bbox 457 563 528 635; x_wconf 85' lang='lat' dir='ltr'>fieri,</span> <span class='ocrx_word' id='word_1_20' title='bbox 541 573 670 640; x_wconf 85' lang='lat' dir='ltr'>tempore</span> <span class='ocrx_word' id='word_1_21' title='bbox 683 581 750 634; x_wconf 91' lang='lat' dir='ltr'>uuo,</span> 
     </span>
     <span class='ocr_line' id='line_1_5' title="bbox 177 656 789 718; baseline 0.003 -4"><span class='ocrx_word' id='word_1_22' title='bbox 177 656 275 715; x_wconf 87' lang='lat' dir='ltr'>Homo</span> <span class='ocrx_word' id='word_1_23' title='bbox 289 658 366 716; x_wconf 90' lang='lat' dir='ltr'>idem</span> <span class='ocrx_word' id='word_1_24' title='bbox 380 659 492 718; x_wconf 85' lang='lat' dir='ltr'>duobus</span> <span class='ocrx_word' id='word_1_25' title='bbox 503 660 577 718; x_wconf 85' lang='lat' dir='ltr'>loois</span> <span class='ocrx_word' id='word_1_26' title='bbox 590 670 622 718; x_wconf 85' lang='lat' dir='ltr'>ut</span> <span class='ocrx_word' id='word_1_27' title='bbox 635 660 719 718; x_wconf 83' lang='lat' dir='ltr'>simul</span> <span class='ocrx_word' id='word_1_28' title='bbox 733 660 789 718; x_wconf 72' lang='lat' dir='ltr'>siti</span> 
     </span>
     <span class='ocr_line' id='line_1_6' title="bbox 177 753 971 831; baseline 0 -19"><span class='ocrx_word' id='word_1_29' title='bbox 177 753 226 812; x_wconf 76' lang='lat' dir='ltr'>So.</span> <span class='ocrx_word' id='word_1_30' title='bbox 250 754 394 828; x_wconf 79' lang='lat' dir='ltr'>Profecto,</span> <span class='ocrx_word' id='word_1_31' title='bbox 405 767 437 814; x_wconf 80' lang='lat' dir='ltr'>ut</span> <span class='ocrx_word' id='word_1_32' title='bbox 449 757 558 831; x_wconf 85' lang='lat' dir='ltr'>loquar,</span> <span class='ocrx_word' id='word_1_33' title='bbox 573 757 613 815; x_wconf 82' lang='lat' dir='ltr'>ita</span> <span class='ocrx_word' id='word_1_34' title='bbox 626 775 672 814; x_wconf 87' lang='lat' dir='ltr'>res</span> <span class='ocrx_word' id='word_1_35' title='bbox 685 766 736 813; x_wconf 86' lang='lat' dir='ltr'>est.</span> <span class='ocrx_word' id='word_1_36' title='bbox 777 755 843 812; x_wconf 81' lang='lat' dir='ltr'>Am.</span> <span class='ocrx_word' id='word_1_37' title='bbox 868 753 971 831; x_wconf 89' lang='lat' dir='ltr'>Juppi·</span> 
     </span>
     <span class='ocr_line' id='line_1_7' title="bbox 294 854 501 930; baseline 0.005 -20"><span class='ocrx_word' id='word_1_38' title='bbox 294 862 338 911; x_wconf 87' lang='lat' dir='ltr'>ter</span> <span class='ocrx_word' id='word_1_39' title='bbox 352 863 380 911; x_wconf 89' lang='lat' dir='ltr'>te</span> <span class='ocrx_word' id='word_1_40' title='bbox 393 854 501 930; x_wconf 82' lang='lat' dir='ltr'>perdat.</span> 
     </span>
     <span class='ocr_line' id='line_1_8' title="bbox 134 947 961 1025; baseline -0.001 -20"><span class='ocrx_word' id='word_1_41' title='bbox 134 955 166 1006; x_wconf 59' lang='grc' dir='ltr'>Ἄ)</span> <span class='ocrx_word' id='word_1_42' title='bbox 178 947 226 1006; x_wconf 78' lang='lat' dir='ltr'>So.</span> <span class='ocrx_word' id='word_1_43' title='bbox 253 947 336 1011; x_wconf 80' lang='lat' dir='ltr'>Quid</span> <span class='ocrx_word' id='word_1_44' title='bbox 351 950 417 1007; x_wconf 85' lang='lat' dir='ltr'>mali</span> <span class='ocrx_word' id='word_1_45' title='bbox 432 969 505 1021; x_wconf 81' lang='lat' dir='ltr'>ium,</span> <span class='ocrx_word' id='word_1_46' title='bbox 519 950 596 1021; x_wconf 89' lang='lat' dir='ltr'>here,</span> <span class='ocrx_word' id='word_1_47' title='bbox 611 949 661 1007; x_wconf 74' lang='lat' dir='ltr'>tud</span> <span class='ocrx_word' id='word_1_48' title='bbox 675 968 711 1008; x_wconf 86' lang='lat' dir='ltr'>ex</span> <span class='ocrx_word' id='word_1_49' title='bbox 724 968 755 1007; x_wconf 88' lang='lat' dir='ltr'>re</span> <span class='ocrx_word' id='word_1_50' title='bbox 767 947 961 1025; x_wconf 69' lang='lat' dir='ltr'>promeritus?</span> 
     </span>
     <span class='ocr_line' id='line_1_9' title="bbox 124 1033 971 1124; baseline -0.006 -16"><span class='ocrx_word' id='word_1_51' title='bbox 124 1033 138 1108; x_wconf 61' lang='lat'>&gt;3</span> <span class='ocrx_word' id='word_1_52' title='bbox 177 1043 243 1103; x_wconf 84' lang='lat' dir='ltr'>Am.</span> <span class='ocrx_word' id='word_1_53' title='bbox 270 1045 420 1124; x_wconf 80' lang='lat' dir='ltr'>Rogasne,</span> <span class='ocrx_word' id='word_1_54' title='bbox 441 1047 580 1123; x_wconf 84' lang='lat' dir='ltr'>improbe,</span> <span class='ocrx_word' id='word_1_55' title='bbox 604 1047 701 1118; x_wconf 75' lang='lat' dir='ltr'>etium,</span> <span class='ocrx_word' id='word_1_56' title='bbox 723 1047 772 1123; x_wconf 91' lang='lat' dir='ltr'>qui</span> <span class='ocrx_word' id='word_1_57' title='bbox 792 1046 875 1104; x_wconf 82' lang='lat' dir='ltr'>ludos</span> <span class='ocrx_word' id='word_1_58' title='bbox 896 1045 971 1104; x_wconf 82' lang='lat' dir='ltr'>sacis</span> 
     </span>
     <span class='ocr_line' id='line_1_10' title="bbox 296 1144 362 1200; baseline 0.03 -2"><span class='ocrx_word' id='word_1_59' title='bbox 296 1144 362 1200; x_wconf 77' lang='lat' dir='ltr'>mei</span> 
     </span>
     <span class='ocr_line' id='line_1_11' title="bbox 127 1213 949 1311; baseline 0.001 -16"><span class='ocrx_word' id='word_1_60' title='bbox 127 1213 133 1260; x_wconf 30' lang='grc' dir='ltr'><em>ἲ</em></span> <span class='ocrx_word' id='word_1_61' title='bbox 177 1237 227 1296; x_wconf 75' lang='lat' dir='ltr'>So.</span> <span class='ocrx_word' id='word_1_62' title='bbox 254 1237 361 1297; x_wconf 84' lang='lat' dir='ltr'>Merito</span> <span class='ocrx_word' id='word_1_63' title='bbox 376 1238 529 1298; x_wconf 81' lang='lat' dir='ltr'>moiedioos</span> <span class='ocrx_word' id='word_1_64' title='bbox 543 1239 623 1311; x_wconf 87' lang='lat' dir='ltr'>mihi,</span> <span class='ocrx_word' id='word_1_65' title='bbox 637 1239 663 1298; x_wconf 77' lang='lat' dir='ltr'>oi</span> <span class='ocrx_word' id='word_1_66' title='bbox 677 1239 706 1297; x_wconf 94' lang='lat' dir='ltr'>id</span> <span class='ocrx_word' id='word_1_67' title='bbox 720 1239 761 1296; x_wconf 84' lang='lat' dir='ltr'>itu</span> <span class='ocrx_word' id='word_1_68' title='bbox 774 1238 881 1296; x_wconf 77' lang='lat' dir='ltr'>factum</span> <span class='ocrx_word' id='word_1_69' title='bbox 896 1248 949 1296; x_wconf 83' lang='lat' dir='ltr'>est.</span> 
     </span>
     <span class='ocr_line' id='line_1_12' title="bbox 128 1319 885 1411; baseline 0 -20"><span class='ocrx_word' id='word_1_70' title='bbox 128 1319 129 1326; x_wconf 8' lang='grc' dir='ltr'>ἵ</span> <span class='ocrx_word' id='word_1_71' title='bbox 177 1332 285 1392; x_wconf 84' lang='lat' dir='ltr'>Verum</span> <span class='ocrx_word' id='word_1_72' title='bbox 301 1335 375 1394; x_wconf 78' lang='lat' dir='ltr'>haud</span> <span class='ocrx_word' id='word_1_73' title='bbox 392 1336 523 1408; x_wconf 85' lang='lat' dir='ltr'>mentior,</span> <span class='ocrx_word' id='word_1_74' title='bbox 538 1355 640 1411; x_wconf 83' lang='lat' dir='ltr'>resque</span> <span class='ocrx_word' id='word_1_75' title='bbox 653 1335 695 1394; x_wconf 85' lang='lat' dir='ltr'>uti</span> <span class='ocrx_word' id='word_1_76' title='bbox 710 1335 795 1406; x_wconf 78' lang='lat' dir='ltr'>fucta,</span> <span class='ocrx_word' id='word_1_77' title='bbox 810 1335 885 1392; x_wconf 86' lang='lat' dir='ltr'>dieo.</span> 
     </span>
     <span class='ocr_line' id='line_1_13' title="bbox 125 1429 971 1508; baseline -0.005 -16"><span class='ocrx_word' id='word_1_78' title='bbox 125 1477 130 1492; x_wconf 40' lang='lat' dir='ltr'>i</span> <span class='ocrx_word' id='word_1_79' title='bbox 177 1429 243 1490; x_wconf 83' lang='lat' dir='ltr'>Am.</span> <span class='ocrx_word' id='word_1_80' title='bbox 271 1431 368 1490; x_wconf 88' lang='lat' dir='ltr'>Homo</span> <span class='ocrx_word' id='word_1_81' title='bbox 389 1433 437 1490; x_wconf 89' lang='lat' dir='ltr'>hio</span> <span class='ocrx_word' id='word_1_82' title='bbox 457 1431 553 1490; x_wconf 70' lang='lat' dir='ltr'>ebrius</span> <span class='ocrx_word' id='word_1_83' title='bbox 566 1441 620 1504; x_wconf 84' lang='lat' dir='ltr'>est,</span> <span class='ocrx_word' id='word_1_84' title='bbox 634 1446 666 1490; x_wconf 87' lang='lat' dir='ltr'>ut</span> <span class='ocrx_word' id='word_1_85' title='bbox 679 1432 789 1508; x_wconf 86' lang='lat' dir='ltr'>opinor.</span> <span class='ocrx_word' id='word_1_86' title='bbox 831 1431 880 1489; x_wconf 77' lang='lat' dir='ltr'>So.</span> <span class='ocrx_word' id='word_1_87' title='bbox 907 1430 971 1488; x_wconf 85' lang='lat' dir='ltr'>Uti·</span> 
     </span>
     <span class='ocr_line' id='line_1_14' title="bbox 295 1530 538 1588; baseline 0.004 -1"><span class='ocrx_word' id='word_1_88' title='bbox 295 1549 361 1587; x_wconf 85' lang='lat' dir='ltr'>uum</span> <span class='ocrx_word' id='word_1_89' title='bbox 376 1530 415 1588; x_wconf 87' lang='lat' dir='ltr'>itu</span> <span class='ocrx_word' id='word_1_90' title='bbox 429 1531 538 1588; x_wconf 81' lang='lat' dir='ltr'>essem!</span> 
     </span>
     <span class='ocr_line' id='line_1_15' title="bbox 133 1624 969 1704; baseline -0.002 -20"><span class='ocrx_word' id='word_1_91' title='bbox 133 1625 242 1702; x_wconf 61' lang='lat' dir='ltr'>Moe</span> <span class='ocrx_word' id='word_1_92' title='bbox 267 1625 358 1703; x_wconf 80' lang='lat' dir='ltr'>Optus</span> <span class='ocrx_word' id='word_1_93' title='bbox 378 1647 441 1702; x_wconf 82' lang='lat' dir='ltr'>quae</span> <span class='ocrx_word' id='word_1_94' title='bbox 466 1628 549 1686; x_wconf 72' lang='lat' dir='ltr'>suctu.</span> <span class='ocrx_word' id='word_1_95' title='bbox 591 1626 639 1685; x_wconf 76' lang='lat' dir='ltr'>So.</span> <span class='ocrx_word' id='word_1_96' title='bbox 664 1626 787 1704; x_wconf 62' lang='lat' dir='ltr'>Egone?</span> <span class='ocrx_word' id='word_1_97' title='bbox 828 1624 893 1684; x_wconf 86' lang='lat' dir='ltr'>Am.</span> <span class='ocrx_word' id='word_1_98' title='bbox 917 1624 969 1682; x_wconf 85' lang='lat' dir='ltr'>Tu</span> 
     </span>
     <span class='ocr_line' id='line_1_16' title="bbox 136 1713 596 1798; baseline 0 -18"><span class='ocrx_word' id='word_1_99' title='bbox 136 1713 144 1798; x_wconf 60' lang='grc' dir='ltr'>,ζ</span> <span class='ocrx_word' id='word_1_100' title='bbox 295 1723 368 1782; x_wconf 84' lang='lat' dir='ltr'>istie.</span> <span class='ocrx_word' id='word_1_101' title='bbox 409 1723 465 1781; x_wconf 93' lang='lat' dir='ltr'>Ubi</span> <span class='ocrx_word' id='word_1_102' title='bbox 481 1723 596 1781; x_wconf 68' lang='lat' dir='ltr'>bibisti?</span> 
     </span>
     <span class='ocr_line' id='line_1_17' title="bbox 177 1818 971 1896; baseline 0 -18"><span class='ocrx_word' id='word_1_103' title='bbox 177 1819 226 1878; x_wconf 75' lang='lat' dir='ltr'>So.</span> <span class='ocrx_word' id='word_1_104' title='bbox 250 1819 401 1895; x_wconf 82' lang='lat' dir='ltr'><strong>Nusquam</strong></span> <span class='ocrx_word' id='word_1_105' title='bbox 416 1820 548 1896; x_wconf 79' lang='lat' dir='ltr'>equidem</span> <span class='ocrx_word' id='word_1_106' title='bbox 563 1819 632 1878; x_wconf 89' lang='lat' dir='ltr'>bibi.</span> <span class='ocrx_word' id='word_1_107' title='bbox 673 1818 739 1878; x_wconf 82' lang='lat' dir='ltr'>Am.</span> <span class='ocrx_word' id='word_1_108' title='bbox 763 1818 847 1882; x_wconf 80' lang='lat' dir='ltr'>Quid</span> <span class='ocrx_word' id='word_1_109' title='bbox 861 1819 917 1876; x_wconf 87' lang='lat' dir='ltr'>hoo</span> <span class='ocrx_word' id='word_1_110' title='bbox 930 1819 971 1878; x_wconf 80' lang='lat' dir='ltr'>sit</span> 
     </span>
     <span class='ocr_line' id='line_1_18' title="bbox 295 1917 435 1974; baseline 0.007 -1"><span class='ocrx_word' id='word_1_111' title='bbox 295 1917 435 1974; x_wconf 76' lang='lat' dir='ltr'>hominii!</span> 
     </span>
     <span class='ocr_line' id='line_1_19' title="bbox 177 2011 597 2088; baseline 0 -18"><span class='ocrx_word' id='word_1_112' title='bbox 177 2011 226 2070; x_wconf 75' lang='lat' dir='ltr'>So.</span> <span class='ocrx_word' id='word_1_113' title='bbox 254 2012 397 2088; x_wconf 85' lang='lat' dir='ltr'>Equidem</span> <span class='ocrx_word' id='word_1_114' title='bbox 411 2012 508 2070; x_wconf 85' lang='lat' dir='ltr'>decies</span> <span class='ocrx_word' id='word_1_115' title='bbox 521 2011 597 2070; x_wconf 82' lang='lat' dir='ltr'>dixi:</span> 
     </span>
     <span class='ocr_line' id='line_1_20' title="bbox 178 2107 568 2185; baseline 0 -20"><span class='ocrx_word' id='word_1_116' title='bbox 178 2107 265 2166; x_wconf 90' lang='lat' dir='ltr'>Domi</span> <span class='ocrx_word' id='word_1_117' title='bbox 279 2127 334 2185; x_wconf 82' lang='lat' dir='ltr'>ego</span> <span class='ocrx_word' id='word_1_118' title='bbox 347 2128 420 2181; x_wconf 84' lang='lat' dir='ltr'>sum,</span> <span class='ocrx_word' id='word_1_119' title='bbox 435 2109 568 2184; x_wconf 83' lang='lat' dir='ltr'>inquum;</span> 
     </span>
     <span class='ocr_line' id='line_1_21' title="bbox 179 2201 894 2282; baseline 0.007 -22"><span class='ocrx_word' id='word_1_120' title='bbox 179 2201 292 2278; x_wconf 78' lang='lat' dir='ltr'>Ecquid</span> <span class='ocrx_word' id='word_1_121' title='bbox 308 2205 408 2264; x_wconf 73' lang='lat' dir='ltr'>audiui</span> <span class='ocrx_word' id='word_1_122' title='bbox 429 2216 458 2264; x_wconf 80' lang='lat' dir='ltr'>et</span> <span class='ocrx_word' id='word_1_123' title='bbox 472 2206 547 2282; x_wconf 79' lang='lat' dir='ltr'>opud</span> <span class='ocrx_word' id='word_1_124' title='bbox 559 2216 589 2264; x_wconf 84' lang='lat' dir='ltr'>te</span> <span class='ocrx_word' id='word_1_125' title='bbox 603 2225 697 2264; x_wconf 78' lang='lat' dir='ltr'>ossum</span> <span class='ocrx_word' id='word_1_126' title='bbox 711 2207 796 2264; x_wconf 78' lang='lat' dir='ltr'>Sosio</span> <span class='ocrx_word' id='word_1_127' title='bbox 809 2207 894 2266; x_wconf 86' lang='lat' dir='ltr'>idem.</span> 
     </span>
     <span class='ocr_line' id='line_1_22' title="bbox 131 2300 449 2376; baseline -0.013 -14"><span class='ocrx_word' id='word_1_128' title='bbox 131 2311 166 2362; x_wconf 80' lang='lat'>³⁰</span> <span class='ocrx_word' id='word_1_129' title='bbox 179 2300 269 2357; x_wconf 83' lang='lat' dir='ltr'>Sutiu&#39;</span> <span class='ocrx_word' id='word_1_130' title='bbox 286 2300 342 2358; x_wconf 87' lang='lat' dir='ltr'>hoo</span> <span class='ocrx_word' id='word_1_131' title='bbox 354 2300 449 2376; x_wconf 79' lang='lat' dir='ltr'>plane,</span> 
     </span>
     <span class='ocr_line' id='line_1_23' title="bbox 178 2394 889 2468; baseline 0.008 -16"><span class='ocrx_word' id='word_1_132' title='bbox 178 2394 269 2454; x_wconf 84' lang='lat' dir='ltr'>Satin&#39;</span> <span class='ocrx_word' id='word_1_133' title='bbox 284 2395 399 2468; x_wconf 69' lang='lat' dir='ltr'>diserte,</span> <span class='ocrx_word' id='word_1_134' title='bbox 414 2397 490 2468; x_wconf 84' lang='lat' dir='ltr'>here,</span> <span class='ocrx_word' id='word_1_135' title='bbox 505 2417 583 2456; x_wconf 86' lang='lat' dir='ltr'>uuuo</span> <span class='ocrx_word' id='word_1_136' title='bbox 596 2398 694 2457; x_wconf 80' lang='lat' dir='ltr'>videor</span> <span class='ocrx_word' id='word_1_137' title='bbox 708 2399 761 2458; x_wconf 85' lang='lat' dir='ltr'>tibi</span> <span class='ocrx_word' id='word_1_138' title='bbox 774 2400 889 2458; x_wconf 80' lang='lat' dir='ltr'>loeutus</span> 
     </span>
     <span class='ocr_line' id='line_1_24' title="bbox 178 2489 968 2572; baseline 0.009 -23"><span class='ocrx_word' id='word_1_139' title='bbox 178 2489 270 2550; x_wconf 64' lang='lat' dir='ltr'>Esse?</span> <span class='ocrx_word' id='word_1_140' title='bbox 317 2491 382 2550; x_wconf 86' lang='lat' dir='ltr'>Am.</span> <span class='ocrx_word' id='word_1_141' title='bbox 410 2493 491 2551; x_wconf 76' lang='lat' dir='ltr'>vahl</span> <span class='ocrx_word' id='word_1_142' title='bbox 520 2513 611 2572; x_wconf 77' lang='lat' dir='ltr'>apage</span> <span class='ocrx_word' id='word_1_143' title='bbox 629 2505 659 2554; x_wconf 85' lang='lat' dir='ltr'>te</span> <span class='ocrx_word' id='word_1_144' title='bbox 679 2515 696 2554; x_wconf 84' lang='lat' dir='ltr'>u</span> <span class='ocrx_word' id='word_1_145' title='bbox 715 2515 769 2554; x_wconf 90' lang='lat' dir='ltr'>me.</span> <span class='ocrx_word' id='word_1_146' title='bbox 811 2496 858 2555; x_wconf 78' lang='lat' dir='ltr'>So.</span> <span class='ocrx_word' id='word_1_147' title='bbox 884 2496 968 2558; x_wconf 77' lang='lat' dir='ltr'>Quid</span> 
     </span>
     <span class='ocr_line' id='line_1_25' title="bbox 296 2589 480 2666; baseline 0.011 -20"><span class='ocrx_word' id='word_1_148' title='bbox 296 2589 480 2666; x_wconf 73' lang='lat' dir='ltr'>estnegotiii</span> 
     </span>
     <span class='ocr_line' id='line_1_26' title="bbox 178 2683 969 2750; baseline 0.009 -7"><span class='ocrx_word' id='word_1_149' title='bbox 178 2683 243 2743; x_wconf 83' lang='lat' dir='ltr'>Am.</span> <span class='ocrx_word' id='word_1_150' title='bbox 271 2684 365 2744; x_wconf 74' lang='lat' dir='ltr'>Pestis</span> <span class='ocrx_word' id='word_1_151' title='bbox 377 2696 405 2744; x_wconf 86' lang='lat' dir='ltr'>te</span> <span class='ocrx_word' id='word_1_152' title='bbox 419 2696 505 2745; x_wconf 83' lang='lat' dir='ltr'>tenet.</span> <span class='ocrx_word' id='word_1_153' title='bbox 546 2687 594 2744; x_wconf 84' lang='lat' dir='ltr'>So.</span> <span class='ocrx_word' id='word_1_154' title='bbox 621 2686 652 2745; x_wconf 91' lang='lat' dir='ltr'><strong>N</strong></span> <span class='ocrx_word' id='word_1_155' title='bbox 655 2708 699 2747; x_wconf 84' lang='lat' dir='ltr'>um</span> <span class='ocrx_word' id='word_1_156' title='bbox 713 2707 765 2746; x_wconf 87' lang='lat' dir='ltr'>our</span> <span class='ocrx_word' id='word_1_157' title='bbox 786 2689 861 2748; x_wconf 80' lang='lat' dir='ltr'>istuc</span> <span class='ocrx_word' id='word_1_158' title='bbox 874 2689 969 2750; x_wconf 69' lang='lat' dir='ltr'>dieis?</span> 
     </span>
     <span class='ocr_line' id='line_1_27' title="bbox 180 2779 954 2861; baseline 0.008 -24"><span class='ocrx_word' id='word_1_159' title='bbox 180 2779 322 2855; x_wconf 80' lang='lat' dir='ltr'>Equidem</span> <span class='ocrx_word' id='word_1_160' title='bbox 336 2781 429 2853; x_wconf 74' lang='lat' dir='ltr'>valeo,</span> <span class='ocrx_word' id='word_1_161' title='bbox 443 2791 472 2839; x_wconf 76' lang='lat' dir='ltr'>et</span> <span class='ocrx_word' id='word_1_162' title='bbox 485 2782 577 2840; x_wconf 76' lang='lat' dir='ltr'>salvos</span> <span class='ocrx_word' id='word_1_163' title='bbox 591 2802 653 2840; x_wconf 79' lang='lat' dir='ltr'>sum</span> <span class='ocrx_word' id='word_1_164' title='bbox 668 2795 755 2856; x_wconf 83' lang='lat' dir='ltr'>reete,</span> <span class='ocrx_word' id='word_1_165' title='bbox 769 2785 954 2861; x_wconf 84' lang='lat' dir='ltr'>Amphitruo.</span> 
     </span>
     <span class='ocr_line' id='line_1_28' title="bbox 132 2877 971 2956; baseline 0.011 -22"><span class='ocrx_word' id='word_1_166' title='bbox 132 2899 168 2951; x_wconf 70' lang='lat'>35</span> <span class='ocrx_word' id='word_1_167' title='bbox 180 2877 245 2936; x_wconf 83' lang='lat' dir='ltr'>Am.</span> <span class='ocrx_word' id='word_1_168' title='bbox 272 2878 314 2937; x_wconf 77' lang='lat' dir='ltr'>At</span> <span class='ocrx_word' id='word_1_169' title='bbox 334 2889 363 2936; x_wconf 83' lang='lat' dir='ltr'>te</span> <span class='ocrx_word' id='word_1_170' title='bbox 384 2897 438 2956; x_wconf 80' lang='lat' dir='ltr'>ego</span> <span class='ocrx_word' id='word_1_171' title='bbox 460 2879 564 2938; x_wconf 78' lang='lat' dir='ltr'>faeiem</span> <span class='ocrx_word' id='word_1_172' title='bbox 586 2881 682 2953; x_wconf 85' lang='lat' dir='ltr'>hodio,</span> <span class='ocrx_word' id='word_1_173' title='bbox 695 2883 816 2956; x_wconf 83' lang='lat' dir='ltr'>proinde</span> <span class='ocrx_word' id='word_1_174' title='bbox 838 2902 872 2941; x_wconf 81' lang='lat' dir='ltr'>ao</span> <span class='ocrx_word' id='word_1_175' title='bbox 885 2885 971 2943; x_wconf 83' lang='lat' dir='ltr'>meri·</span> 
     </span>
     <span class='ocr_line' id='line_1_29' title="bbox 297 2983 397 3046; baseline 0 -14"><span class='ocrx_word' id='word_1_176' title='bbox 297 2983 343 3032; x_wconf 78' lang='lat' dir='ltr'>tus</span> <span class='ocrx_word' id='word_1_177' title='bbox 356 2991 397 3046; x_wconf 77' lang='lat' dir='ltr'>eo,</span> 
     </span>
    </p>
   </div>
   <div class='ocr_carea' id='block_1_3' title="bbox 0 0 1074 3386">
    <p class='ocr_par' dir='ltr' id='par_1_3' title="bbox 0 0 1074 3386">
     <span class='ocr_line' id='line_1_30' title="bbox 0 0 1074 3386; baseline 0 0"><span class='ocrx_word' id='word_1_178' title='bbox 0 0 1074 3386; x_wconf 95' lang='lat' dir='ltr'> </span> 
     </span>
    </p>
   </div>
  </div>
 </body>
</html>
