2138 3386
113 215 153 272 46
328 225 532 274 nunninnuo.
562 228 623 275 sca.
640 226 671 272 11.
692 225 804 270 senua

128 372 220 431 soso.
245 373 356 431 Verum
371 385 499 433 actutum
513 394 624 434 nosces.
666 375 731 433 Am.
755 374 875 436 Quem?
915 372 967 432 So.

290 471 375 528 Illum
390 491 503 544 nosces,
518 491 630 530 servum
646 473 767 531 Sosiam.

171 566 236 626 Am.
265 569 393 644 Sequere
414 571 468 628 hac
489 569 576 646 igitur
598 589 659 627 mc:
681 589 747 626 nam
762 566 800 626 mi
816 568 892 626 istuc
911 567 968 645 pri·
1059 621 1061 640 ⁴

290 685 367 722 mum
382 666 524 740 exquisito
539 676 582 723 est
595 685 675 742 opus.

172 761 231 818 Sed
253 761 317 819 vide
340 781 376 819 ex
398 763 464 820 navi
487 763 640 820 efferantur
663 781 726 838 quae
746 761 806 838 jam
829 762 967 838 imperavi

290 860 393 917 omnia.

171 954 219 1012 so.
249 954 288 1013 Et
307 975 415 1014 memor
436 975 509 1028 sum,
524 967 553 1014 et
573 956 752 1034 diligebant
765 975 828 1030 qum
843 955 968 1031 imperes

291 1064 481 1128 compareant.

171 1147 201 1204 N
203 1167 241 1205 on
256 1167 310 1226 ego
325 1168 391 1206 cum
405 1150 472 1207 vino
486 1151 582 1208 simitu
597 1150 674 1208 ebibi
690 1151 841 1227 imperium
854 1159 945 1207 tuum.

77 1319 82 1332 ι
127 1244 236 1303 asam.
263 1246 381 1303 Utinam
402 1246 440 1303 Di
462 1247 560 1318 faxint,
576 1247 683 1305 insecta
697 1247 775 1305 diota
789 1265 820 1304 re
833 1247 967 1304 eveniant

289 1344 356 1400 tuat

480 1643 606 1699 SCENA
630 1645 665 1698 II.

196 1829 379 1889 Anconam.
407 1830 604 1888 Aueniunuo.
633 1830 732 1888 Sosm.
761 1829 936 1888 Tnassans.

208 2024 257 2083 Al.
280 2027 384 2082 Samn'
400 2043 486 2101 parva
499 2043 545 2081 res
559 2034 601 2080 est
615 2023 790 2098 voluptatum
806 2023 835 2080 in
849 2021 919 2096 vitu,

169 2121 266 2196 Atque
280 2123 309 2179 in
325 2133 408 2179 aetate
423 2121 543 2198 agunda.

169 2217 317 2294 Praequam
338 2218 414 2293 quod
428 2218 578 2274 molestum
599 2227 650 2274 est.
693 2217 739 2274 Ita
760 2217 865 2292 cuique
886 2235 965 2274 com·

287 2325 416 2390 paratum

169 2410 222 2469 Est
236 2411 264 2468 in
280 2422 361 2469 aetate
376 2412 541 2482 hominum;

140 2506 213 2567 5Ita
233 2507 286 2566 Dis
307 2509 454 2584 placitum,
475 2509 648 2584 voluptatem
675 2519 706 2566 ut
734 2526 838 2565 moeror
865 2524 964 2565 comes

288 2618 477 2681 consequatur
488 2625 494 2662 :

168 2699 252 2763 Quin
272 2701 448 2760 incommodi
468 2701 532 2777 plus
552 2702 676 2777 malique
697 2701 775 2759 illico
797 2701 873 2772 assit,
894 2701 964 2758 boni

289 2800 312 2856 si
326 2799 430 2876 obtigit
444 2799 520 2873 quid.

170 2892 246 2951 Nam
268 2913 322 2972 ego
344 2895 371 2951 id
392 2914 470 2952 nunc
491 2897 621 2970 experior
642 2895 737 2966 domo,
753 2904 838 2968 atque
852 2893 914 2968 ipsa
927 2893 964 2951 dc

288 3010 334 3050 me
348 2992 419 3063 scio,
434 2992 481 3048 cui
497 2992 626 3068 voluptas
