2138 3386
280 241 483 288 Alll'lll'l'RUO.
511 242 573 288 Aca.
588 240 608 287 l.
628 243 705 287 Scan.
722 243 741 287 1.
923 233 958 290 17

109 388 247 464 Aliquem
261 389 403 448 hominem
419 390 551 468 allegent,
565 389 615 465 qui
634 389 674 448 mi
683 389 852 458 ‚advenienti
866 407 900 446 os

228 486 342 544 occillet
355 487 460 562 probe:

107 581 258 644 Quoniam
280 584 438 658 beneque
460 583 489 640 in
512 601 557 640 me
579 583 718 655 lecerunt,
734 584 845 661 ingrata
865 601 899 642 ea
943 623 946 630 -

228 679 313 736 habui
329 689 412 754 atque
427 680 513 737 irrita.

109 774 165 833 Me.
194 775 277 832 Facit
298 774 355 845 ille,
371 775 446 850 quod
468 776 552 852 volgo
573 777 648 834 haud
669 776 770 847 solent,
785 777 898 853 utquid

228 891 259 929 se
272 872 309 929 sit
323 872 439 948 dignum
454 873 534 930 sciat.
910 887 942 937 30

108 968 158 1026 Sc.
185 968 275 1032 Quod
302 987 447 1044 nunquam
474 970 607 1045 opinatus
631 970 682 1041 fui,
706 989 798 1046 neque
826 970 898 1028 alius

227 1067 375 1140 quisquam
390 1066 495 1122 civium
764 1143 767 1146 Ι

108 1160 173 1219 Sibi
195 1172 371 1233 eventurum,
394 1161 422 1220 id
445 1162 576 1238 contigit,
598 1174 630 1219 ut
651 1163 720 1220 salvi
741 1164 897 1238 potiremur

226 1258 351 1315 domum.

107 1354 243 1412 Victores
267 1355 349 1412 victis
372 1355 502 1412 hostibus
525 1354 653 1432 legiones
676 1356 825 1413 reveniunt
849 1357 898 1414 do·

226 1469 314 1522 mum,

107 1547 214 1606 Duello
234 1547 361 1605 extincto
380 1567 522 1619 maxumo,
539 1559 622 1623 atque
637 1547 819 1606 internecatis
835 1551 897 1607 hos·

225 1643 316 1714 tibus;

105 1740 169 1804 Qui
184 1740 425 1798 multaThebnno
435 1741 539 1816 populo
551 1742 653 1799 acerba
667 1743 771 1818 objecit
786 1744 895 1814 funera,
909 1751 941 1799 35

4 1913 6 1920 γ
107 1837 142 1895 Id
153 1837 181 1894 vi
195 1847 223 1894 et
236 1837 339 1894 virtute
352 1837 474 1894 militum
485 1837 592 1894 victum
607 1850 691 1914 atque
705 1852 896 1916 expugnatum

227 1933 361 2009 oppidum
375 1945 426 2005 est,

4 2025 7 2048 '
105 2029 232 2107 imperio
256 2042 340 2105 atque
365 2031 492 2107 auspicio
515 2031 577 2089 beri
598 2032 655 2090 mei
676 2033 896 2108 Amphitruonis

226 2145 365 2186 maxume.

106 2222 207 2281 Praedt
216 2233 299 2298 atque
311 2243 379 2300 agro
389 2223 547 2298 adoretique
557 2225 652 2283 affecit
661 2224 809 2301 populares
818 2243 895 2296 suos,

106 2319 242 2396 Regique
250 2320 392 2378 Thebano
401 2320 519 2378 Creonti
531 2339 651 2398 regnum
659 2322 793 2379 stabilivit
802 2341 894 2380 suum.

4 2425 5 2428 ’
107 2415 157 2474 Me
180 2434 196 2472 a
217 2427 300 2491 portu
324 2417 460 2492 praemisit
482 2418 610 2489 domum,
632 2428 661 2475 ut
684 2418 745 2475 haec
767 2419 895 2476 nuntiem

226 2513 306 2569 uxori
320 2532 395 2571 suae:
908 2519 941 2566 lo

105 2609 145 2667 Ut
157 2609 277 2686 gesserit
291 2609 496 2685 rempublicam
510 2610 610 2683 ductu,
622 2610 751 2685 imperio,
768 2611 897 2688 auspicio

225 2724 285 2764 suo.

106 2801 151 2859 Ea
171 2821 250 2860 nunc
271 2802 439 2875 meditabor,
454 2821 511 2878 quo
531 2805 616 2862 modo
632 2803 673 2860 illi
688 2803 793 2874 dicam,
807 2821 895 2878 quurn

225 2895 272 2956 illri
288 2899 435 2957 advenero.

107 2993 140 3052 Si
154 2994 254 3052 dixero
268 2995 459 3067 mendacium,
473 2997 568 3053 solens
580 3015 645 3053 meo
659 3013 737 3054 more
752 2994 855 3052 secero.

341 3091 360 3146 2
371 3089 389 3124 t
