2138 3386
10 3067 14 3108 l

266 239 470 288 rnrurrnno.
499 240 562 285 rea.
578 237 608 284 11.
629 237 706 284 scir.
719 237 741 282 a
912 224 952 282 59

99 387 150 446 ΑΙ.
172 386 246 446 Mihi
258 409 372 465 qnoque
387 399 484 448 assunt
496 399 592 460 tentes,
604 387 654 464 qni
667 386 737 446 illud
749 384 824 462 quod
837 402 892 462 ego

218 486 312 543 dinam
328 486 490 544 assentiant

98 581 166 640 Aru.
191 582 278 651 Qui?
310 587 416 641 testes?
474 583 521 641 Al.
549 582 654 640 Testes.
713 580 779 638 Am.
807 577 893 647 Quid

217 681 401 737 testiculum?
442 680 490 738 Al.
511 679 602 738 Enim
615 698 670 736 nno
684 685 731 735 sut
744 684 795 748 est,

97 774 160 834 Ner
178 775 257 834 notis
272 785 412 852 praesente
430 777 535 853 aliquis
554 776 612 833 nisi
629 794 721 836 servos
740 773 827 832 sosia
844 772 891 850 ns-

207 871 283 949 fnit.

97 967 145 1026 So.
166 967 277 1027 Nescio
290 970 357 1045 qnid
369 969 453 1030 ,istun
473 969 581 1047 negotii
595 968 700 1040 dinam,
715 967 771 1026 nini
785 966 890 1044 quispi-

217 1084 260 1122 am
276 1077 319 1125 est
418 1089 420 1096 ’
902 1060 948 1108 195

97 1162 271 1238 Amphitruo
286 1163 367 1234 nlius,
381 1163 430 1238 qui
445 1163 516 1220 sorte
531 1173 559 1220 te
574 1160 621 1220 hie
637 1162 753 1220 absente
766 1171 862 1218 tamen

96 1257 194 1317 Tuam
208 1278 268 1316 rem
279 1270 369 1330 curet,
381 1271 466 1334 teque
477 1261 603 1330 absente,
615 1256 664 1316 hie
674 1277 779 1316 munus
790 1258 890 1335 funga-

215 1366 261 1412 tur
275 1371 363 1412 tuum.

96 1448 230 1525 Namque
245 1449 280 1506 de
295 1450 344 1507 illo
358 1448 501 1507 subditivo
515 1450 600 1508 Sosia
613 1449 717 1506 mirum
737 1449 822 1507 nimis
836 1460 886 1507 est

96 1545 184 1604 Certe
204 1547 240 1604 de
261 1546 334 1604 istnc
348 1546 560 1622 Amphitruone
577 1547 636 1623 jam
652 1547 770 1630 alterum
784 1545 888 1603 mirum

214 1654 257 1700 est
271 1661 369 1720 magis.

8 1723 9 1730 ἵ
95 1738 207 1798 Nescio
230 1741 294 1814 quis
316 1739 506 1817 praestigiator
530 1740 605 1798 hane
629 1739 779 1798 frustratur
807 1741 889 1798 muli·

214 1854 300 1894 erem.
900 1836 948 1886 2⁰⁰

95 1932 145 1992 At
167 1931 223 1990 Per
244 1933 369 2008 supremi
391 1932 468 2010 regie
488 1952 609 2010 regnum
627 1932 703 2010 juro,
718 1919 888 1992 et'matrem

215 2029 345 2100 familias,

95 2124 252 2196 ¹lunonem,
274 2145 359 2201 quam
383 2145 429 2184 me
452 2126 543 2184 vereri
567 2137 597 2184 et
620 2136 747 2184 metuere
771 2137 815 2185 est
838 2147 888 2204 par

215 2241 356 2292 maxume,

94 2319 134 2378 Ut
162 2318 211 2390 mi,
236 2329 314 2376 extra
341 2337 429 2376 unum
455 2330 494 2391 te,
519 2320 646 2378 mortalia
672 2340 758 2379 nemo
784 2340 889 2398 corpus

215 2434 334 2491 corpore

95 2511 237 2589 Contigit,
252 2531 309 2586 qno
325 2531 369 2570 me
384 2513 557 2590 impudicam
573 2513 688 2572 faceret.
729 2514 796 2574 Am.
811 2513 889 2574 Vera

215 2608 314 2666 isthaee
328 2609 421 2666 velim.

95 2706 146 2766 Ar.
168 2706 245 2764 Vera
266 2705 341 2776 dieo,
363 2707 415 2764 ned
434 2707 643 2782 nequicquam:
671 2707 807 2783 quoniam
830 2727 888 2769 non

214 2803 257 2860 vis
271 2804 396 2861 credere.
902 2811 949 2862 205

95 2901 163 2960 Am.
191 2899 297 2957 Mulier
318 2919 359 2971 es,
381 2900 516 2958 audacter
533 2901 620 2978 juras.
661 2901 712 2960 At.
732 2902 810 2966 Qun
831 2921 889 2960 non

216 2996 345 3072 deliquit,
360 2997 443 3054 decet
