2138 3386
114 221 152 280 4⁰
328 231 534 280 aurnmnuo.
563 222 626 280 scr.
641 231 660 277 1.
680 231 757 276 scer.
772 232 795 278 s.

171 379 220 438 Iu.
248 379 362 458 Pergin'
379 383 493 440 antemi
513 398 610 439 nonne
624 398 679 458 ego
695 398 822 456 possum,
836 378 966 450 furcifer,
1000 444 1003 448 ,

289 488 319 534 te
331 478 471 554 perdere?

172 572 223 632 ΑΙ.
250 572 320 631 Noli
336 574 446 646 amabo,
461 574 644 650 Amphitruo,
659 573 744 631 irasci
759 572 849 632 Sosiae
864 574 966 630 caussa

292 671 365 728 meir.

172 765 222 825 Ju.
250 766 369 826 Faciam
389 767 430 825 ita
449 777 481 825 ut
500 768 550 826 ris.
591 767 648 826 Me.
676 766 722 824 Ex
742 785 838 824 amore
852 765 901 825 hic
913 768 968 830 ‚ad-

293 865 409 921 modum
424 884 508 940 quam
522 883 613 922 saevus
626 865 689 922 esti

174 959 224 1018 Iu.
251 959 392 1036 Nunquid
419 962 480 1020 risi
532 960 583 1020 Al.
613 961 653 1020 Ut
679 979 764 1036 quom
792 959 892 1030 absim,
919 978 968 1017 me

295 1077 382 1130 ames,
396 1077 442 1117 me
456 1069 534 1116 tuam
549 1059 694 1116 absentem
708 1068 811 1116 tamen.

131 1152 233 1211 ⁴5Me.
261 1153 379 1227 Eamus,
394 1155 584 1231 Amphitruo:
604 1154 720 1212 luciscit
735 1154 790 1211 hoc
806 1154 874 1230 jam.
914 1152 966 1210 Iu.

296 1251 354 1309 Abi
368 1270 436 1327 prm,
451 1251 551 1310 Sosia:

178 1346 244 1405 Jam
268 1366 323 1425 ego
347 1367 457 1423 sequar.
506 1347 645 1423 Nunquid
667 1347 729 1405 visi
776 1347 826 1404 Al.
854 1346 967 1404 Etiam:

296 1453 329 1501 ut
343 1454 470 1502 actutum
485 1445 627 1502 advenias.
666 1443 716 1501 Ju.
744 1444 836 1503 Licet„

178 1540 262 1599 Prius
283 1541 333 1598 tuis
354 1541 490 1618 opinione
511 1540 559 1598 hic
580 1542 683 1599 adero:
710 1541 815 1598 bonum
841 1540 969 1598 animum

298 1637 379 1696 habe.

178 1734 269 1793 Nune
287 1744 326 1806 te,
340 1753 408 1806 nox,
422 1754 485 1809 quae
506 1753 552 1792 me
572 1733 711 1806 mansisti,
725 1733 816 1804 mitto,
831 1743 863 1790 ut
883 1732 971 1790 cedas
1063 1717 1064 1728 ¹

298 1831 354 1890 die.

179 1927 219 1987 Ut
232 1928 359 1985 mortalis
373 1925 526 1984 inluciscaa
539 1926 605 1984 luce
620 1925 697 1983 clarii
711 1935 741 1983 et
753 1925 886 1983 candidii.

137 2025 168 2075 5⁰
181 2025 277 2099 Atque
290 2032 398 2099 quanto
411 2041 468 2081 nox
482 2023 559 2081 suisti
574 2023 686 2100 longior
700 2022 754 2080 hac
767 2013 917 2100 proxumi,
975 2047 978 2056 ¹

181 2119 279 2178 Tanto
300 2118 412 2177 brevior
434 2119 495 2177 dies
517 2129 548 2176 ut
569 2118 618 2176 fiat
639 2119 753 2190 faciam,
768 2129 800 2176 ut
813 2136 894 2193 acque
915 2118 973 2176 dis·

301 2225 391 2291 paret,

183 2310 223 2372 Et
243 2312 305 2372 dies
326 2330 343 2369 e
365 2320 451 2369 nocte
475 2311 601 2370 accedat.
651 2310 715 2384 Ibo,
739 2321 768 2370 et
792 2310 973 2369 Mercurium

301 2407 466 2486 subsequar.
