2138 3386
117 249 119 252 ·
142 217 181 278 ⁷6
397 229 600 282 AMPHITRUO.
630 233 781 280 Sarrastes.

161 433 164 441 .
197 375 306 437 stater
319 379 451 440 trudebat
462 379 591 458 fratreas
610 381 696 442 bosea
716 391 743 442 et
759 380 868 460 galea:
888 391 916 440 et
930 403 994 441 nos·

315 484 368 533 tra
382 487 521 536 auctorem
531 479 627 554 gentis

200 570 270 630 Oeen
290 571 404 632 Veneris
421 573 495 653 fieta
521 575 641 651 onguebs
664 576 784 653 repsisse
807 577 890 635 tellus
915 577 992 654 Epi-

315 670 408 729 rotiea

203 763 291 823 Vidit.
331 766 381 825 ¹De
401 787 504 826 summo
523 787 642 826 summus
661 767 796 846 Iuppiter
810 770 851 827 sie
871 772 989 842 statuit,

314 862 463 940 siesatun
477 865 568 924 babet.

200 960 320 1038 Optome‘
339 981 428 1018 omnes
448 969 598 1034 nostrates,
614 981 671 1039 pro
691 963 778 1020 elaris
790 961 898 1039 saetis,
913 964 988 1022 diris

314 1059 545 1133 agunturrnalis.

152 1163 184 1214 2⁰
195 1153 276 1212 Fata
290 1155 367 1212 istae
381 1175 421 1213 rne
429 1163 571 1231 praeeunt,
580 1156 781 1232 pertolerarem
795 1157 850 1214 vion
864 1165 987 1229 tantan,

313 1251 459 1328 cladesque

195 1347 386 1418 Eaanelarem
419 1349 597 1424 impatibiles.
652 1351 701 1407 Sa.
729 1350 884 1426 Blepbara
941 1351 985 1409 ΒΙ.

315 1446 399 1515 Quid
426 1449 490 1504 est?
541 1447 590 1504 So.
614 1446 719 1504 Nescio
742 1446 814 1523 quid
835 1447 903 1506 rnali
927 1468 989 1506 sus·

307 1544 397 1619 picor.

195 1639 238 1698 Bl.
257 1639 360 1709 Quies
410 1639 459 1697 So.
480 1637 601 1710 Videas,
622 1639 704 1698 beros
725 1641 868 1699 salutator
890 1661 988 1719 oppes-

311 1737 421 1793 sulatas
436 1744 501 1793 onte
506 1735 601 1812 foreis
612 1736 760 1810 graditur.

194 1833 238 1892 ΒΙ.
259 1833 348 1892 Nibil
358 1841 409 1904 est,
420 1831 531 1909 sarnnn
544 1841 684 1910 exspectat
702 1832 892 1893 obambulans.
935 1837 985 1894 So.

313 1929 429 1987 Ouriose
444 1929 572 2006 quidem:
584 1927 679 2004 foreis
693 1930 765 1988 enirn

195 2025 320 2099 Clausit,
334 2047 367 2085 ne
382 2025 706 2104 pravortereturforas.
748 2027 792 2084 ΒΙ.
817 2026 985 2104 Oggannis.

311 2125 360 2181 So.
381 2123 442 2182 Nee
454 2123 574 2199 gannio,
588 2141 636 2180 nee
651 2123 733 2182 latro.

92 2200 96 2207 ¹
149 2229 181 2279 Ἀθ
193 2220 229 2278 st
247 2241 289 2279 rne
309 2220 423 2292 audias,
443 2220 567 2278 observes
588 2220 679 2278 neseio
699 2220 878 2296 quiescam
898 2222 985 2294 solus,

304 2325 386 2392 puto,

192 2413 333 2474 Rationes
354 2413 483 2489 colligit:
506 2413 578 2491 quid
594 2420 731 2486 mearet,
751 2413 817 2472 binc
836 2415 984 2492 anniano,

310 2529 343 2568 ne
352 2529 484 2587 propera.

192 2607 259 2667 Am.
286 2607 325 2665 Ut
343 2616 442 2679 metuo,
455 2627 489 2665 ne
509 2607 593 2665 rietes
606 2606 731 2666 bostibus
756 2604 789 2664 dt
807 2617 928 2685 partam
941 2630 984 2668 eu·

304 2713 441 2781 pungant
452 2704 584 2780 glorian.

199 2800 299 2860 Totam
312 2801 391 2859 miris
405 2800 491 2860 modis
505 2808 630 2858 nostram
643 2799 722 2858 videa
736 2799 880 2858 turbatam
889 2799 982 2878 sani·

311 2896 386 2954 liam.
