2150 3386
337 264 529 311 AULULARIA.
556 266 618 311 Aer.
632 265 662 311 V.
897 254 953 315 14⁹

106 409 152 468 st.
168 409 256 484 Here,
281 431 374 484 mane,
399 413 522 489 eloquar.
563 414 628 471 Jarn
657 413 792 472 ausculta.
834 415 893 490 Ly.

225 508 289 585 Age
303 527 372 585 ergo
385 510 509 585 loquere.
551 509 595 568 St.
617 509 744 587 Repperi
759 511 854 582 hodie,

108 599 197 674 Here,
224 603 338 661 divitias
363 605 474 662 nimias.
528 606 586 682 Ly.
620 605 678 664 Ubi
708 608 794 664 nami
847 606 892 666 St.

115 707 119 715 ’
221 699 449 773 Quadrilibrem,
475 701 602 777 inquam,
628 702 721 760 aulam
749 702 810 760 auri
836 702 895 780 ple·

107 817 112 826 ·
223 813 297 853 nam.

107 891 164 967 Ly.
183 891 274 953 Quod
295 911 349 970 ego
370 893 481 952 sueinus
505 895 591 952 audio
611 911 646 953 ex
669 895 718 952 tei
768 894 813 952 St.
831 895 893 962 Eu·

224 988 310 1045 elioni
325 990 392 1046 huie
406 991 467 1047 seni
481 991 613 1066 surripui.

105 1083 163 1159 Ly.
184 1082 241 1141 Ubi
262 1084 353 1143 idest
374 1088 493 1144 aurum?
533 1087 577 1144 st.
598 1086 634 1144 In
655 1086 722 1144 ared
742 1087 817 1163 apud
836 1105 891 1146 me

222 1179 253 1236 N
255 1199 311 1238 une
324 1181 388 1238 volo
403 1200 448 1239 rne
462 1182 552 1240 emitti
567 1199 662 1240 manu.
905 1195 935 1245 15

105 1275 163 1351 Ly.
186 1275 286 1352 Egone
306 1287 335 1335 te
354 1277 482 1336 emittam
502 1297 597 1349 manu,
612 1280 753 1336 scelerum
766 1280 893 1337 cumula·

223 1373 350 1431 tissime?
390 1373 434 1430 St.
456 1374 516 1430 Abi
530 1374 607 1446 here,
621 1375 684 1432 seio

102 1466 203 1529 Quam
224 1487 282 1525 rem
304 1488 394 1546 geras.
436 1469 554 1546 Lepide,
575 1471 681 1543 herele,
704 1473 830 1529 animum
849 1483 893 1530 tu·

222 1583 269 1621 um
284 1565 397 1623 tentavi
438 1565 504 1622 Jam

103 1659 142 1718 Ut
163 1661 296 1735 eriperes,
313 1661 475 1737 apparebas.
515 1660 597 1724 Quid
618 1662 735 1735 faceres,
750 1663 775 1721 si
795 1648 892 1741 reppess

222 1757 340 1815 iissem?

103 1852 162 1929 Ly.
184 1852 252 1909 Non
264 1863 344 1928 potes
354 1851 488 1929 probdsse
501 1872 602 1930 nugas.
643 1853 667 1925 Ι,
679 1854 766 1913 redde
781 1874 889 1914 aurum.

222 1949 266 2006 St.
289 1949 420 2006 Reddam
434 1968 489 2026 ego
504 1952 624 2008 aurumi

103 2045 162 2121 Ly.
185 2044 288 2103 Redde
302 2045 433 2120 inquam:
455 2055 486 2102 ut
500 2046 568 2103 huie
582 2047 723 2104 reddatur.
764 2046 809 2105 St.
831 2047 889 2121 Ah,

221 2142 317 2199 undei
358 2142 415 2218 Ly.
435 2142 527 2204 Quod
542 2141 851 2202 modosasausesesse
902 2155 933 2206 m

102 2236 137 2294 In
153 2236 227 2296 arce.
268 2237 313 2295 St.
334 2237 430 2309 Soleo,
452 2239 557 2310 hercle,
578 2257 633 2315 ego
653 2240 760 2316 garrire
780 2259 889 2317 nugas:

221 2333 260 2390 ita
274 2334 382 2410 loquor.
422 2335 480 2410 Ly.
502 2335 543 2391 At
556 2335 627 2391 aein'

99 2427 281 2492 Quomodor
334 2429 378 2487 St.
406 2430 459 2488 Vel
491 2431 588 2489 herele
618 2431 712 2504 eniea,
742 2449 890 2508 nunquam

221 2524 289 2583 hine
304 2525 377 2582 feres
392 2544 408 2583 a
421 2544 475 2584 me.

339 2620 401 2679 1³·
