2138 3386
131 204 170 262 64
337 217 539 264 AMPHITRUO.
568 218 630 265 Aca.
645 217 689 263 111.
709 218 787 266 Scsr.
801 219 824 266 2.
904 239 909 252 ι

189 363 238 423 Ju.
260 365 294 424 Si
306 366 376 438 dixi,
390 366 483 425 nihilo
497 367 587 446 magis
601 385 641 440 es,
655 387 749 445 neque
762 387 825 428 esse
839 368 980 440 arbitron

190 461 229 518 Et
242 461 271 520 id
286 462 343 520 huc
356 464 470 533 revorti,
484 465 525 521 uti
540 483 586 522 me
598 484 750 543 purgarem
763 466 824 526 tibi.

190 557 266 616 Nam
281 578 426 635 nunquam
440 561 593 636 quicquam
608 581 672 620 meo
687 563 782 620 auimo
795 563 848 622 suit
866 563 981 642 agrius,
1053 641 1054 644 Ἴ

147 661 178 712 ³0
190 655 288 717 Quam
301 666 451 733 postquam
467 657 571 730 audivi,
585 669 614 716 te
628 677 690 717 erse
704 660 803 717 iratam
818 660 898 719 mihi.

191 752 251 810 Cur
266 753 382 812 dixistil
404 753 522 829 inquies.
564 755 628 832 Ego
642 755 788 832 expediam
803 755 864 814 tibi.

191 847 220 905 N
223 867 260 906 ou
274 850 373 926 edepol
389 869 446 925 quo
459 860 488 908 te
501 869 564 910 esse
576 851 750 927 impudicam
764 852 928 910 crederem:

191 945 300 1003 Verum
313 946 491 1022 periclitatus
506 947 631 1006 animum
645 968 708 1006 sum
722 958 813 1020 tuum,

190 1040 405 1119 Quidlfacerea
419 1059 449 1101 et
462 1063 519 1119 quo
531 1057 617 1121 pacto
631 1045 659 1102 id
674 1046 746 1103 ferre
759 1045 920 1104 induceres

147 1141 179 1190 35
192 1138 334 1214 Equidem
343 1139 411 1216 joco
426 1140 475 1197 illa
488 1140 614 1199 dixeram
628 1141 736 1199 dudum
750 1142 812 1213 tibi,

192 1233 322 1293 Ridiculi
338 1236 442 1294 cause:
463 1238 506 1295 vel
521 1238 598 1296 hunc
612 1248 712 1316 rogato
726 1239 846 1297 Sosiam.

191 1330 241 1391 Al.
261 1331 345 1394 Quin
359 1333 416 1391 huc
431 1333 549 1392 adducis
568 1353 664 1392 meum
684 1346 838 1413 cognatum
852 1334 983 1395 Naucra-

309 1439 377 1500 tem,

191 1524 311 1584 Testem
324 1544 408 1601 quem
422 1526 530 1586 dudum
543 1538 572 1586 te
586 1527 774 1586 adducturum
789 1529 901 1587 dixeras

191 1620 239 1680 Te
259 1621 317 1679 lruc
336 1641 394 1680 non
415 1622 545 1682 venissel
593 1623 643 1683 lu.
666 1625 699 1684 Si
719 1625 786 1701 quid
808 1626 918 1686 dictum
940 1636 985 1686 est

309 1739 359 1796 per
370 1720 479 1798 jocum,
1055 1708 1056 1782 l

148 1818 181 1868 4⁰
193 1813 261 1873 Non
276 1835 387 1892 aequum
402 1828 446 1875 est
459 1817 489 1874 id
502 1827 531 1876 te
544 1818 620 1876 serio
631 1819 803 1895 pravortier.
1055 1785 1056 1832 l

193 1911 242 1971 Al.
265 1912 329 1990 Ego
343 1914 413 1972 illud
426 1914 487 1971 scio
501 1933 585 1989 quam
599 1914 722 1973 doluerit
735 1915 815 1973 cordi
829 1934 903 1975 meo.

192 2009 242 2067 lu.
263 2009 318 2068 Per
338 2010 482 2069 dexteram
502 2021 581 2068 tuam
600 2021 639 2082 te,
660 2011 832 2083 Alcumena,
852 2029 914 2084 oro,
935 2011 985 2070 ob·

311 2124 402 2177 sacro,

194 2200 241 2261 Da
254 2201 324 2259 mihi
339 2202 413 2260 hauc
426 2203 554 2261 veniam:
575 2203 709 2280 ignosce;
731 2203 805 2262 irata
817 2222 855 2262 ne
867 2203 933 2262 sies.

195 2297 245 2356 Al.
266 2298 330 2374 Ego
344 2298 424 2355 istaec
438 2298 494 2356 secl
507 2300 593 2357 verba
605 2300 708 2357 virtute
722 2300 817 2358 irrita:

150 2400 183 2450 45
195 2394 283 2452 Nunc
298 2395 412 2470 quaudo
426 2395 508 2454 factis
522 2379 568 2454 me
582 2395 734 2472 impudicis
748 2396 882 2469 abstines,

196 2491 244 2548 Ab
258 2491 410 2567 impudicis
424 2491 508 2550 dictis
523 2493 611 2550 avorti
625 2493 701 2557 volo.

195 2588 310 2659 Valeas,
325 2588 377 2645 tibi
392 2589 497 2646 habeas
509 2608 555 2647 res
568 2600 641 2661 tuas,
656 2590 757 2648 reddas
771 2608 856 2648 meas

196 2684 299 2742 Juben’
313 2683 351 2742 mi
366 2685 407 2744 ire
418 2686 558 2745 comiteal
595 2686 646 2746 lu.
668 2688 772 2745 Sanan'
787 2688 837 2745 eal
877 2686 929 2746 Al
951 2687 985 2746 si

314 2800 371 2840 non
382 2783 474 2859 jubes,

196 2873 250 2933 Ibo
263 2888 385 2954 egomet,
400 2878 534 2936 comitem
548 2878 721 2936 Pudicitiam
735 2879 851 2938 duxero.

153 2977 186 3027 50
195 2970 246 3030 lu.
267 2971 364 3044 Mane,
379 2973 514 3033 arbitratu
528 2983 578 3031 tuo
588 2973 786 3050 jusjurandum
800 2976 892 3034 dabo:
