2150 3386
658 121 665 165 l

260 256 456 302 Aurotmm.
486 257 548 302 Aci.
565 255 596 300 11.
617 257 693 301 scm.
708 257 730 300 e
894 241 949 298 115

101 404 152 461 Co.
180 403 273 461 Immo
294 405 426 479 equidem
448 404 543 462 oredo.
584 404 629 463 St.
650 404 691 460 At
709 402 780 460 soin'
804 401 891 459 etiam

220 501 383 575 quomodol

100 597 215 671 Aquam
231 597 326 653 hercle
339 597 439 672 plorat,
455 615 540 672 quom
555 597 637 666 lavat,
651 594 830 672 profundere.

101 693 152 751 Co.
174 693 296 750 Censen’
312 694 450 751 talentum
465 712 598 770 magnum
615 693 725 751 exorari
739 702 851 768 potesse
904 699 935 748 30

100 789 150 845 Ab
165 789 238 846 istoc
252 809 329 861 sene,
344 801 375 846 ut
388 789 445 861 det,
460 789 509 864 qui
525 790 624 846 fiamus
638 789 741 845 liberil

99 885 147 942 St.
169 885 285 942 Famem
308 886 403 942 hercle
425 887 569 957 utendam,
591 885 615 942 si
636 904 729 962 roges,
744 902 890 958 nunquam

218 981 304 1039 dabit.

98 1076 183 1138 Quin
199 1076 251 1152 ipsi
265 1077 374 1152 pridem
388 1087 485 1134 tonsor
499 1097 609 1154 ungues
624 1078 798 1152 dempserat;

99 1172 234 1248 Collegit,
250 1173 345 1230 omnia
360 1173 474 1230 abstulit
486 1173 681 1249 praesegmina.

101 1268 153 1326 Co.
175 1269 284 1344 Edepol
301 1270 446 1326 mortalem
463 1288 548 1345 parce
560 1287 678 1345 parcum
691 1268 837 1345 praedieas.
904 1281 936 1329 35

100 1365 225 1422 Censen'
241 1383 307 1422 vero
322 1365 392 1422 adeo
406 1385 467 1423 esse
480 1384 598 1441 parcum
613 1375 640 1422 et
655 1365 756 1421 misere
770 1365 882 1422 viverel

100 1460 146 1518 St.
168 1460 349 1518 Pulmentum
362 1461 471 1538 pridem
486 1462 513 1518 ei
528 1462 631 1538 eripuit
645 1462 766 1519 millius:

101 1557 199 1613 Homo
214 1557 249 1613 ad
261 1568 412 1633 pretorem
427 1557 655 1634 deplorabundus
669 1557 763 1614 venit:

99 1652 168 1710 Inlit
182 1653 222 1708 ibi
236 1653 388 1727 postulare,
404 1654 526 1730 plorans,
542 1654 661 1729 ejulanS,

99 1748 140 1805 Ut
154 1748 208 1805 sibi
222 1749 321 1805 liceret
337 1749 454 1807 millium
471 1750 606 1806 vadarier.
904 1770 936 1819 ⁴0

100 1845 244 1901 Sexcenta
257 1854 323 1901 srmt
337 1864 399 1919 quae
413 1864 579 1916 memorem,
594 1845 617 1901 si
632 1845 668 1902 sit
680 1845 778 1903 otium.

100 1940 160 1997 Sed
175 1950 236 1997 uter
250 1951 410 1997 vostrorum
424 1951 466 1998 est
480 1941 619 1999 celeriori
639 1959 766 1998 memora
779 1941 857 1998 mihi.

101 2035 152 2094 Oe.
173 2035 247 2113 Ego,
262 2047 294 2092 ut
307 2036 397 2093 multo
411 2037 519 2094 melior.
561 2037 605 2095 St.
627 2037 740 2094 Cocum
753 2055 818 2114 ego,
832 2056 890 2095 non

219 2133 308 2190 surem
324 2151 402 2210 rogo,

101 2227 152 2286 Co.
179 2227 292 2286 Coeum
314 2247 368 2306 ego
389 2229 464 2286 dieo.
506 2230 550 2287 St.
574 2230 656 2291 Quid
678 2241 708 2287 tu
731 2229 791 2286 aisl
830 2229 889 2287 An.

220 2325 271 2382 Sic
284 2344 357 2396 sum,
372 2337 402 2382 ut
416 2326 503 2383 vides.

102 2420 152 2478 Co.
174 2420 271 2478 Coeus
285 2422 332 2479 ille
346 2422 511 2479 nundinalis
524 2433 576 2503 est,
591 2422 620 2478 in
635 2441 742 2479 nonum
757 2423 833 2479 diem
903 2435 936 2484 45

100 2517 183 2574 Solet
210 2517 251 2574 ire
278 2528 401 2576 coctum.
443 2517 502 2576 An.
530 2519 608 2575 Tun'
634 2519 722 2576 trium
745 2519 890 2576 literarum

220 2614 306 2670 homo

100 2709 153 2767 Me
166 2709 328 2786 vituperasl
349 2710 403 2782 fur,
418 2710 504 2768 etiam
519 2710 681 2769 trifurcifer.
