2150 3386
260 231 451 277 iunoniam.
480 232 541 276 scr.
557 230 600 275 ru.
616 229 691 275 sm.
705 227 727 272 s.
889 212 946 270 127

98 380 233 455 Namque
248 380 303 438 hoo
317 380 366 456 qui
380 379 473 438 dieat:
493 380 565 441 Quo
578 377 633 437 iliae
648 378 756 434 nubent
769 373 870 432 divites
900 388 931 438 15

98 477 223 548 Dotatae,
237 477 261 534 si
276 478 351 534 istud
362 477 409 553 jus
421 477 594 553 pauperibus
606 475 741 552 posituri

97 574 170 636 Quo
184 573 280 632 lubeat
295 575 413 644 nubant,
427 575 494 630 dum
509 573 562 629 dos
576 591 612 629 ne
626 572 675 629 fiat
689 588 793 628 comes.

100 671 169 729 Hoc
182 671 205 728 si
220 671 258 728 ita
272 671 330 742 fiat,
346 689 438 728 mores
453 670 583 728 meliores
597 668 651 725 sibi
748 697 750 702 ·

99 768 214 839 Parent,
228 787 279 842 pro
293 768 359 824 dote
373 787 444 842 quos
458 767 558 836 serant,
573 784 657 841 quam
672 782 750 820 nuno
764 762 865 819 serunt.

99 863 166 940 Ego
178 864 264 921 faxim
280 863 358 934 muli,
373 863 465 938 pretio
478 862 526 937 qui
541 871 675 936 superant
688 877 785 936 equos,
898 875 929 926 ω

99 960 184 1016 Sient
197 960 311 1017 viliores
324 959 444 1016 Gallicis
459 957 620 1016 cantheriis.

98 1055 160 1112 Eu.
187 1053 231 1112 Ita
252 1075 297 1112 me
317 1054 346 1112 di
368 1056 511 1125 amabunt,
532 1063 564 1110 ut
583 1071 637 1130 ego
658 1052 735 1109 huno
757 1049 887 1108 ausculto

218 1152 326 1216 lubens

98 1247 196 1304 Nimis
209 1248 302 1323 lepide
316 1248 384 1306 seoit
398 1248 483 1305 verba
497 1247 531 1304 ad
545 1245 758 1321 parcimoniam.

98 1343 156 1401 Me.
183 1343 271 1400 Nulla
295 1343 380 1421 igitur
403 1343 496 1400 dieat:
524 1342 665 1418 Equidem
686 1342 781 1398 dotem
803 1337 837 1398 ad
857 1349 886 1398 te

218 1440 297 1497 attuli

99 1534 239 1610 Majorem
254 1535 352 1605 multo,
367 1553 451 1610 quam
466 1535 518 1592 tibi
532 1544 593 1591 erat
605 1532 738 1610 pecunia.
898 1534 930 1584 25

98 1631 186 1689 Enim
206 1632 276 1688 mihi
297 1632 411 1706 quidem
432 1650 541 1706 aequom
563 1642 606 1688 est
625 1647 778 1706 purpuram
801 1638 886 1704 atque

217 1747 315 1785 aurum
337 1727 407 1799 dari,

97 1824 239 1894 Ancillas,
254 1824 357 1895 mulos,
374 1824 524 1894 muliones,
538 1823 740 1899 pedissequos:

98 1920 306 1997 Salutigerulos
318 1939 432 1995 pueros,
446 1920 577 1976 vehioula
591 1919 640 1994 qui
655 1919 747 1977 vehar.

97 2016 158 2075 Eu.
179 2017 218 2075 Ut
232 2029 423 2074 matronarum
437 2015 485 2073 hio
499 2017 575 2074 saeta
586 2016 717 2092 pernovit
730 2016 834 2091 probe!

98 2111 230 2169 Moribus
240 2112 406 2187 praeseotum
419 2111 570 2168 mulierum
582 2111 660 2168 huno
674 2112 780 2168 factum
792 2111 884 2170 velim.
897 2123 928 2172 30

97 2208 154 2268 Me.
179 2207 268 2264 Nune
291 2226 407 2283 quoquo
427 2207 534 2280 venias,
554 2207 619 2283 plus
641 2207 832 2284 plaustrorum
855 2207 885 2266 in

216 2306 325 2362 aedibus

97 2401 214 2469 Videas,
228 2421 313 2476 quam
328 2401 396 2473 ruri,
411 2401 525 2477 quando
541 2401 575 2458 ad
589 2401 684 2458 villam
699 2401 817 2460 veneris.

97 2498 157 2556 Sed
184 2498 241 2554 hoo
268 2498 354 2556 etiam
380 2498 530 2573 pulchrum
559 2509 611 2568 est,
638 2516 696 2572 pras
723 2517 808 2572 quam
835 2498 884 2556 ubi

215 2605 343 2669 sumptus
363 2604 470 2668 petunt.

97 2691 160 2748 Stat
174 2689 253 2761 fullo,
268 2690 396 2767 phrygio,
412 2690 529 2761 aurifex,
545 2690 686 2748 lanarius:

96 2786 259 2862 Caupones,
274 2787 433 2863 patagiarii,
448 2785 605 2858 indusiarii,

97 2881 289 2952 Flammearii‚
304 2882 424 2953 violam,
438 2882 581 2953 oariuarii

96 2980 158 3036 Aut
171 2979 348 3051 mauulearii,
364 2989 412 3036 aut
425 2978 653 3049 morobathrarii,
