2150 3386
144 189 199 248 134
359 199 551 244 Abnueram.
580 199 641 244 aea.
657 199 698 244 ιν.
718 200 793 244 scas.
808 199 829 244 a.

156 346 186 395 1⁰
200 346 238 404 Se
261 346 353 403 aulam
376 356 506 404 onustam
530 347 590 404 auri
610 347 776 405 abstrusisse
796 347 843 405 hio
865 348 944 407 intus
963 350 995 407 in

317 443 391 500 fano.
434 443 531 516 Fides,

199 536 277 595 Cave
297 549 328 595 tu
351 538 391 596 illi
415 539 517 611 fidelis,
539 557 645 614 quaeso,
666 540 761 615 potius
787 540 883 614 fueris,
906 561 995 616 quam

317 635 396 693 mihi.

199 730 295 806 Atque
316 730 364 787 bio
385 740 530 806 paterent,
545 719 577 789 ui
596 749 651 809 ego
671 732 781 808 opinor,
797 733 891 809 hujus,
905 733 995 791 herus

317 845 402 900 quam
417 837 499 884 amat.

201 919 255 978 Ibo
268 921 337 979 hino
356 922 446 979 intro:
467 923 667 997 perscrutabor
681 923 788 994 sanum,
803 922 826 980 si
848 923 996 981 inveniam

318 1018 428 1094 uspiam

200 1114 322 1186 Aurum,
341 1115 410 1171 dum
430 1114 478 1172 bio
498 1125 541 1173 est
561 1126 727 1191 oooupatus.
770 1115 828 1173 Sed
848 1114 872 1172 si
895 1133 996 1192 reppe-

317 1230 390 1283 rero,
405 1230 423 1268 o
437 1211 533 1284 Fides,

156 1299 187 1349 ¹5
200 1305 289 1364 Mulsi
304 1308 463 1384 congialem
478 1308 590 1383 plenam
606 1308 709 1366 saoiam
723 1308 774 1366 tibi
788 1307 921 1365 fideliam.

199 1401 234 1461 Id
248 1403 320 1462 adeo
333 1405 384 1461 tibi
401 1404 519 1462 faciam:
541 1424 638 1463 rerum
658 1423 713 1483 ego
733 1404 803 1462 mihi
822 1405 928 1477 bibam,
943 1404 996 1462 ubi

320 1500 348 1557 id
364 1500 467 1558 seoero.

499 1799 622 1856 SCENA
644 1800 692 1856 ΠΙ.

533 1987 656 2046 Eucuro.

239 2180 269 2240 N
271 2199 312 2240 ora
325 2191 431 2240 temere
445 2191 499 2255 est,
512 2182 590 2258 quod
603 2199 705 2239 corvos
718 2191 816 2239 cantat
829 2179 899 2238 mrhi
913 2199 996 2240 nuno

319 2279 354 2335 ab
368 2278 439 2336 laeva
453 2297 547 2336 manu.

200 2374 295 2434 Semel
317 2374 434 2432 radebat
453 2374 576 2450 pedibus
596 2384 711 2446 terram,
725 2383 754 2431 et
771 2390 842 2430 voce
863 2371 996 2430 orooibat

317 2471 386 2528 sud:

200 2566 349 2626 Continuo
363 2585 458 2625 meum
472 2586 522 2624 eor
537 2566 623 2642 ooepit
634 2575 723 2624 artem
737 2564 831 2623 faeere
841 2563 994 2636 ludicram,

200 2664 297 2739 Atque
319 2663 349 2719 in
370 2675 471 2739 pectus
494 2664 626 2721 emicare.
669 2662 727 2720 Sed
749 2679 803 2739 ego
825 2679 906 2719 oesso
929 2679 997 2719 our·

319 2776 389 2815 rere.
