2138 3386
126 227 165 284 34
383 250 388 256 '
452 239 586 287 HITRUO.
616 239 768 285 Sureossrn.

185 385 230 443 Et
249 385 374 463 Taphias
394 389 424 446 ui
441 389 507 461 rici,
522 398 547 446 et
560 387 666 445 summd
686 407 777 464 regem
798 388 904 444 uirtute
924 385 983 444 bel·

302 483 368 542 licd.

184 580 280 638 Illisce
288 581 411 658 prafeci
427 582 589 660 Cephalum,
603 583 702 658 magni
715 581 950 658 Deioneifllium.

184 677 202 734 J
205 697 230 735 u.
252 677 322 754 Ego
341 679 413 737 idem
434 680 555 753 latrones
569 681 659 737 hostes
674 679 741 737 bella
754 687 781 736 et
794 679 900 737 uirtute
914 697 978 736 cem
1060 743 1063 762 .

295 775 371 842 ,tadi
454 768 476 788 ‘¹

183 871 380 948 Electryonem
388 872 585 949 perdiderant,
596 881 700 931 nostra
712 881 740 930 ct
749 891 899 948 gemnanns
913 891 977 930 cces-

290 989 387 1044 iugis,

137 1076 169 1123 55
182 1063 333 1136 Achaiam,
348 1066 500 1139 AEtuliam,
515 1066 679 1138 Pltccidem,
697 1085 749 1142 per
760 1065 847 1142 freta
860 1063 975 1124 Iunium

299 1170 325 1219 et
339 1163 466 1238 AEgeum
480 1172 507 1221 et
523 1163 664 1221 Oreticum

187 1257 305 1333 Vagati,
320 1260 349 1316 vi
369 1260 514 1317 vertebant
529 1258 669 1337 piraticd.
711 1261 777 1317 Am.
799 1258 846 1317 Di
865 1261 975 1318 immam

297 1357 388 1413 tales!
409 1357 531 1414 mihimet

179 1449 246 1510 Non
261 1452 350 1523 credo,
365 1453 409 1509 ita
422 1453 524 1524 omnia,
539 1452 698 1530 quoefacta
710 1453 780 1524 illic,
794 1472 825 1510 cs
839 1455 973 1512 amussim

297 1548 430 1625 loquitur.
478 1550 558 1621 Vide,

178 1643 332 1722 Blepltaru
376 1645 418 1704 ΒΙ.
446 1645 536 1704 Unum
555 1655 698 1723 superest:
719 1646 752 1704 id
763 1647 790 1704 si
800 1645 887 1723 fuat,
902 1647 973 1704 Am·

290 1743 548 1820 pleitruoncsfltote
559 1745 674 1819 gemini.

178 1838 224 1896 Ju.
250 1839 334 1908 Quid
351 1840 441 1911 dicus,
455 1841 538 1898 noui:
560 1841 717 1898 cicatricem
739 1841 769 1898 iu
789 1840 885 1898 deutra
898 1861 972 1900 mus·

295 1939 356 1995 culo
369 1957 400 1995 en
414 1938 478 1995 illoc
491 1938 600 1996 uolnere

133 2046 164 2094 60
180 2033 268 2102 Quod
285 2035 354 2092 niti
373 2035 493 2110 impegit
516 2033 641 2092 Pterela.
684 2033 726 2092 ΒΙ.
749 2034 826 2091 Eam
847 2035 968 2112 quidem.

295 2132 360 2189 Am.
383 2130 529 2208 Apposite.
572 2131 618 2188 Ju.
647 2131 768 2189 Viden’?
790 2133 941 2208 enaspice.

177 2226 220 2285 Bl.
247 2227 392 2303 Detegite,
414 2229 560 2305 aspiciam.
615 2226 661 2287 Ju.
686 2227 866 2300 Detenimus,
893 2230 967 2290 vide.

293 2323 336 2382 ΒΙ.
361 2325 495 2401 Supremo
507 2323 653 2401 Juppiter,

178 2420 264 2489 Quid
273 2421 402 2478 intueor!
423 2422 537 2499 utrique
551 2423 582 2478 in
600 2423 722 2480 muscula
742 2421 862 2495 deutero,
876 2423 968 2482 eodem

291 2517 322 2573 in
335 2517 402 2590 luco,

174 2603 267 2688 &igino
277 2613 365 2671 ecdem
376 2623 497 2691 apparet
504 2615 602 2692 probe,
613 2623 646 2674 nt
654 2616 779 2694 primurn
793 2617 878 2674 coivit
892 2618 968 2676 cica-

291 2711 349 2768 trix
362 2710 473 2787 rufula,

173 2805 340 2864 Subluridc.
382 2806 524 2865 Rationes
528 2806 641 2884 jacent,
645 2808 791 2885 judicium
805 2810 879 2882 silet,
893 2812 968 2888 quid

290 2922 375 2978 αὲαυι
389 2903 487 2961 nescio.
882 2925 883 2930 ¹
