2150 3386
257 242 448 290 1111111111.
478 244 539 289 sca.
556 242 586 288 n.
608 243 682 289 sen.
697 243 718 287 a.
887 229 943 288 119

91 392 199 463 Car0s3
223 393 354 470 agninam
370 413 475 465 caram,
491 413 586 450 caram
600 393 746 463 bubulam,

91 490 262 562 Vitulinanr,
277 503 382 562 cetum,
397 491 561 566 porcinam;
584 509 650 547 cara
664 488 777 546 omnia:
896 487 912 535 5

91 586 190 662 Atque
204 587 364 644 coluerunt
379 588 499 659 cariora,
514 607 552 644 aas
566 605 624 643 non
638 596 706 644 erat.

92 682 178 740 Abeo
192 683 280 740 iratus
294 684 384 755 illinc,
398 685 533 759 quoniam
547 683 617 740 nihil
632 693 675 740 est
689 681 738 758 qui
752 700 854 740 emam.

92 777 136 836 Ita
150 779 206 836 illis
222 780 339 854 impuris
353 782 486 860 omnibus
501 780 558 837 adii
572 799 696 837 manum.

93 875 206 933 Deinde
221 886 334 950 egomet
348 895 461 933 rnecum
475 877 602 952 cogitare
617 875 765 933 intervias

92 971 222 1047 Occepi:
244 973 316 1030 festo
331 974 377 1031 die
391 974 415 1031 si
429 974 498 1049 quid
511 971 687 1050 prodegeris,
898 973 929 1022 1⁰

92 1067 222 1126 Profesto
236 1089 320 1145 egere
334 1070 429 1141 liceat,
445 1071 499 1127 nisi
514 1070 683 1145 peperceris.

92 1163 247 1240 Postquam
262 1166 336 1222 hanc
350 1168 486 1223 rationem
502 1167 582 1223 cordi
596 1166 744 1241 ventrique
757 1164 845 1236 edidi,

92 1261 228 1318 Accessit
242 1263 353 1319 animus
368 1263 402 1319 ad
417 1281 508 1319 meam
524 1263 704 1333 sententiam,

91 1356 190 1418 Quam
207 1358 325 1415 minimo
339 1369 453 1434 sumptu
468 1359 553 1415 filiam
569 1368 600 1415 ut
614 1368 733 1434 nuptum
747 1358 854 1415 darem.

92 1452 121 1510 N
126 1473 182 1510 unc
196 1454 339 1512 tusculum
354 1455 422 1525 emi,
436 1465 464 1513 et
478 1455 564 1512 hasce
579 1473 700 1512 coronas
713 1454 831 1512 floreas:
897 1457 928 1506 15

93 1549 168 1608 Haec
182 1552 363 1626 imponentur
377 1551 406 1608 in
423 1551 487 1609 loco
501 1563 598 1608 nostro
612 1551 689 1622 Lari,

91 1647 131 1704 Ut
146 1646 303 1704 fortunatas
318 1648 404 1705 saciat
417 1658 510 1724 gnatae
525 1648 647 1723 nuptias.

92 1742 152 1801 Sed
167 1744 235 1818 quid
249 1763 304 1821 ego
319 1754 428 1821 apertas
442 1745 517 1802 aedes
530 1754 641 1802 nostras
656 1744 826 1820 conspicorl

92 1838 132 1897 Et
152 1841 286 1915 strepitus
307 1853 351 1898 est
375 1841 459 1898 intus.
502 1840 648 1898 Numnam
670 1859 725 1917 ego
747 1840 884 1916 compilor

213 1937 317 1994 miserl

94 2033 144 2091 Co.
166 2033 272 2090 Aulam
287 2034 423 2110 majorem
436 2033 461 2091 si
473 2046 564 2110 potes,
578 2034 686 2092 vicinia
896 2041 928 2090 20

93 2130 181 2188 Pete:
203 2129 264 2187 haec
278 2141 321 2188 est
333 2150 428 2206 parva,
443 2150 545 2207 capere
562 2149 620 2188 non
635 2131 703 2207 quit.
744 2131 804 2190 Eu.
826 2131 885 2190 Hei

212 2227 292 2300 mihi,

94 2324 172 2382 Perii
187 2324 299 2381 hercle!
323 2343 424 2382 aurum
437 2324 555 2400 rapitur,
572 2324 634 2382 aula
649 2325 791 2411 queritur.

92 2420 240 2479 Nimirum
265 2421 391 2493 occidor,
416 2421 472 2478 nisi
499 2439 554 2499 ego
581 2422 655 2478 intro
683 2422 740 2478 huc
766 2441 885 2499 propere

211 2536 333 2593 propero
348 2537 470 2576 currere.

92 2614 210 2692 Apollo,
225 2633 331 2688 quaeso,
346 2614 464 2671 subveni
480 2614 559 2684 mihi,
576 2625 660 2689 atque
676 2613 792 2690 adjuva:

92 2710 215 2786 Confige
230 2710 339 2786 sagittis
353 2710 429 2767 fures
442 2711 649 2767 thesaurarios:
897 2718 929 2768 25

18 2835 22 2860 t
92 2807 151 2866 Cui
166 2805 196 2862 in
210 2823 241 2862 re
255 2806 304 2863 tali
316 2805 373 2882 jam
389 2806 544 2863 subvenisti
560 2806 703 2866 antidhac.

93 2902 152 2962 Sed
166 2921 249 2961 cesso
261 2903 341 2979 prius
355 2922 438 2978 quam
453 2921 568 2979 prorsus
582 2903 663 2979 perii,
678 2904 813 2961 currerel
