2150 3386
135 207 191 266 tao
347 217 538 263 sucurram.
567 218 628 264 non.
644 217 687 262 nr.
708 217 782 262 sess.
796 216 818 260 n

189 362 274 426 Quid
295 383 366 442 opus
387 377 430 423 est
442 365 555 424 verbist
576 366 651 424 facta
672 375 714 422 est
737 384 833 442 pugna
852 364 883 422 in
903 365 983 442 gailo

309 461 477 538 gallinaceo.

192 556 250 614 Sed
274 555 449 634 Megadorus
476 577 556 616 meus
584 558 675 616 affinis
701 576 801 615 eccum
830 556 941 615 incedit
966 577 984 616 a

308 654 378 712 foro.

148 751 179 801 15
192 747 257 807 Jnm
279 749 356 807 hunc
377 770 434 808 non
456 750 544 808 ausim
565 751 719 827 praeterire,
734 751 802 826 quin
825 749 982 808 consistam

309 857 338 905 ct
352 848 506 923 colloquar.

498 1145 621 1201 SCENA
637 1147 672 1202 V.

406 1331 608 1392 Maonnonns.
636 1331 760 1391 Eucnro.

229 1525 285 1584 Me.
307 1525 448 1583 Nnaanvr
463 1527 563 1583 amicis
577 1525 673 1584 multis
688 1525 838 1583 consilium
853 1544 951 1583 meurn

191 1620 237 1680 De
250 1623 415 1679 conditione
430 1624 491 1680 hac.
533 1622 683 1680 Euclionis
698 1623 783 1680 filiam

190 1718 338 1775 Laudant:
360 1719 500 1793 sapienter
516 1719 621 1776 factum
636 1728 664 1776 et
678 1719 799 1775 consilio
814 1719 898 1774 b0n0.

191 1813 277 1886 Nam,
292 1835 356 1872 meo
371 1816 485 1889 quidem
501 1815 605 1886 animo,
621 1815 644 1872 si
660 1815 736 1872 idern
752 1815 858 1871 faciant
871 1815 973 1886 ceteri,

161 1907 392 1985 5Opulentiores
406 1911 605 1986 pauperiorum
620 1910 693 1968 filias

189 2005 229 2063 Ut
244 2007 384 2064 indotatas
398 2007 504 2064 ducant
519 2025 620 2064 uxores
634 2007 767 2063 domum:
817 2053 821 2058 .

190 2101 229 2159 Et
242 2103 331 2159 multo
346 2104 394 2160 srat
408 2103 508 2160 civitas
522 2103 703 2173 concordior,

190 2196 229 2255 Et
243 2198 348 2255 invidia
363 2218 415 2255 nos
429 2199 538 2255 minore
553 2209 675 2269 utamur,
689 2218 773 2273 quarn
788 2199 911 2256 utimur:

190 2293 229 2351 Et
255 2293 309 2350 illae
338 2296 439 2351 malam
470 2314 530 2352 rem
561 2305 697 2365 metuant,
725 2314 810 2369 quarn
837 2305 980 2367 metuunt,

309 2391 414 2467 magis:

146 2495 177 2544 10
189 2483 229 2544 Et
242 2504 294 2541 nos
309 2486 417 2544 minore
432 2497 545 2562 sumptu
561 2486 658 2558 simus,
674 2505 760 2561 quam,
773 2505 877 2544 sumus.

189 2581 223 2639 In
238 2600 397 2639 maxumam
413 2583 481 2639 iiiuc
495 2582 592 2658 populi
606 2595 714 2658 partem
730 2592 773 2639 est
787 2596 944 2658 optumum.

188 2679 224 2736 In
237 2679 386 2753 pauciores
401 2679 497 2736 avidos
512 2679 659 2737 altercatio
673 2690 732 2736 est:

187 2773 321 2835 Quorum
339 2774 439 2829 animis
454 2774 552 2845 avidis,
569 2785 652 2849 atque
666 2775 884 2844 insatietatibus,

188 2867 293 2942 Neque
315 2868 369 2936 lerr¹
395 2887 487 2941 neque
510 2878 586 2925 tutor
613 2888 716 2944 capere
743 2880 786 2927 est
812 2870 860 2946 qui
887 2870 980 2946 possit

306 2963 430 3020 modurn.
