2138 3386
120 246 156 301 12
479 253 652 301 PROLOGUS

178 402 252 460 Eant
265 421 315 478 per
328 413 417 461 totam
432 423 557 475 caveam,
572 402 797 479 spectatoribus:

177 499 209 556 Si
224 499 272 556 cui
286 500 410 558 fautores
424 501 569 578 delegatos
582 500 715 570 viderint,

177 595 216 653 Ut
230 596 274 655 his
288 597 316 654 in
332 598 419 655 cavea
432 598 535 674 pignus
549 597 697 672 capiantur
711 606 794 672 togae.

178 693 245 750 Sive
259 694 308 769 qui
323 694 476 752 ambissent
490 695 610 770 palmam
627 693 828 763 histrionibus3

132 799 163 847 70
178 791 234 847 Seu
251 790 384 866 cuiquam
399 791 511 862 artifici,
526 810 574 848 seu
590 809 639 866 per
654 791 773 866 scriptas
787 789 893 860 literas,

178 886 244 943 Sive
258 887 307 962 qui
322 887 375 962 ipsi
391 886 553 958 ambissent,
568 905 617 944 scu
632 905 683 963 per
698 886 915 957 internuntium,

178 982 244 1040 Sive
260 983 330 1040 adeo
344 983 441 1040 aediles
453 983 603 1059 perfidiose
618 983 684 1059 quoi
700 984 792 1054 duint,

178 1079 320 1154 Sirempse
335 1079 426 1156 legem
437 1079 521 1155 jussit
534 1098 596 1136 esse
610 1079 627 1135 J
630 1079 756 1154 uppiter;

175 1174 270 1235 Quasi
285 1176 479 1252 magistratum
494 1175 547 1232 sibi
563 1176 678 1234 alterive
693 1175 848 1234 ambiverit.

133 1284 163 1330 75
177 1271 301 1343 Virtute,
315 1273 396 1344 dixit,
411 1273 596 1330 ros'victores
611 1273 712 1343 vivere,

177 1367 246 1424 Non
261 1369 424 1441 ambitione,
438 1389 532 1444 neque
546 1369 672 1444 perfidia.
711 1368 774 1430 Qut
789 1368 884 1427 minut

178 1465 287 1522 Eadem
302 1466 432 1523 histrioni
446 1466 482 1522 sit
496 1467 550 1537 lex,
565 1485 628 1540 quaa
642 1479 754 1522 summo
768 1465 848 1524 virof

178 1562 292 1620 Virtute
307 1562 413 1620 ambire
427 1573 547 1638 oportet,
561 1582 619 1619 non
635 1562 808 1620 favitoribus.

179 1661 230 1717 Sat
244 1659 327 1716 habet
342 1659 491 1716 favitorum
505 1677 625 1734 semper,
640 1661 688 1734 qui
702 1670 780 1716 recte
796 1659 881 1718 facit:

133 1766 164 1813 80
178 1757 210 1813 Si
225 1755 280 1813 illis
293 1755 364 1814 fides
377 1767 430 1828 cst,
446 1757 549 1832 quibua
562 1768 605 1814 est
618 1775 652 1814 ea
666 1775 711 1813 res
726 1757 755 1813 in
769 1775 864 1814 manu.

179 1853 245 1909 Hoc
260 1871 372 1928 quoque
386 1853 470 1909 etiam
486 1852 556 1908 mihi
571 1853 599 1908 in
614 1852 753 1909 mandatis
768 1852 855 1923 dedit,

177 1949 217 2007 Ut
230 1951 438 2024 conquisitores
452 1949 553 2006 fierent
566 1949 762 2019 histrionibus,

177 2046 239 2108 Qui
252 2047 306 2103 sibi
321 2044 512 2116 mandassent,
526 2044 649 2122 delegati
664 2056 695 2102 ut
707 2044 894 2122 plauderent;

177 2142 284 2214 Quive,
299 2161 356 2218 quo
369 2142 494 2218 placeret
509 2142 587 2213 aiter,
602 2143 745 2214 fecissent,
762 2142 865 2214 minus,

134 2245 165 2292 85
179 2240 230 2297 Eis
244 2249 410 2296 ornamenta
424 2249 452 2296 et
466 2238 575 2295 corium
591 2239 631 2296 uti
646 2239 839 2296 conciderent.

179 2337 279 2394 Mirari
293 2336 382 2394 nolim
396 2355 456 2406 vos,
471 2347 641 2412 quapropter
656 2337 787 2412 Juppiter

178 2434 267 2492 Nunc
282 2433 433 2490 histriones
446 2442 535 2489 curet.
577 2432 624 2490 Ne
638 2432 788 2490 miremini.

178 2533 243 2609 Ipse
258 2533 332 2588 hanc
347 2531 482 2588 acturu'st
497 2529 627 2606 Juppiter
642 2530 828 2589 Comoediam.

177 2628 259 2692 Quid
275 2627 404 2686 admirati
419 2628 507 2685 estisf
528 2627 607 2702 quasi
623 2645 690 2684 vero
702 2647 808 2685 novum

135 2736 165 2783 90
179 2726 268 2784 Nunc
280 2726 449 2801 proferatur,
465 2724 566 2781 Jovem
581 2724 674 2781 facere
689 2724 875 2784 histrioniam.

180 2823 275 2880 Etiam
290 2821 442 2878 histriones
457 2839 531 2877 anno
545 2839 611 2878 cum
627 2821 655 2877 in
670 2821 820 2895 proscenio
834 2819 882 2880 bic

180 2919 281 2976 Jovem
296 2918 475 2991 invocarunt,
490 2918 583 2974 venit:
606 2917 711 2974 auxilio
725 2917 767 2975 eis
781 2917 842 2976 suit.
