2138 3386
133 219 173 277 60
344 229 549 279 nurmrauo.
578 234 641 281 Aer.
656 231 687 280 ll.
706 233 783 279 Earn.
797 233 819 278 2.

192 379 344 438 Audacem
363 399 437 455 eme,
451 382 629 440 confidenter
647 400 700 459 pro
713 399 745 440 ae
758 391 787 440 et
800 391 932 457 proterve
946 380 991 440 lo·

309 497 368 554 qut.

191 574 256 634 Am.
285 575 363 634 Satis
390 576 533 634 audacter.
584 576 634 635 At.
662 574 703 634 Ut
728 574 863 652 pudieam
890 576 986 634 deoet.

308 672 374 731 Am.
395 673 444 731 Tu
458 673 551 732 verbis
564 673 676 749 probae.

191 767 240 827 At.
261 769 331 828 Non
351 789 406 848 ego
426 771 504 828 illam
524 770 595 828 mihi
615 770 711 828 dotem
732 768 809 827 duoo
828 787 902 841 esee,
917 787 986 845 quaa

307 867 359 925 doe
373 867 496 925 dicitur:

129 967 177 1016 210
190 963 248 1020 Sed
268 964 448 1039 pudicitiam,
462 975 490 1022 et
510 964 659 1041 pudorem,
673 973 703 1022 et
722 964 852 1021 sedatum
872 962 988 1040 eupidi-

306 1079 382 1132 nem,

140 1205 144 1214 .
189 1155 284 1216 Derim
306 1169 424 1229 metum,
445 1167 596 1234 parentum
618 1175 754 1240 amorem,
775 1167 805 1215 et
825 1156 986 1235 eognettim

306 1255 508 1313 oonoordiam:

187 1348 259 1408 Tibi
274 1353 425 1429 morigera,
441 1363 525 1427 atque
540 1367 571 1410 ut
590 1350 729 1410 munifica
741 1351 795 1409 eim
810 1351 903 1424 bonis,
916 1369 987 1428 pro·

305 1449 359 1505 eim
372 1449 477 1524 probia.

188 1544 243 1603 So„
265 1544 320 1603 Nar
344 1545 408 1616 iata,
431 1545 542 1621 edepol,
564 1545 588 1603 ai
612 1545 676 1603 haee
696 1563 764 1602 vera
786 1544 922 1620 loquitur,
946 1563 985 1604 ex

306 1641 439 1699 amussim
454 1652 496 1698 est
510 1651 634 1717 optuma.

186 1736 252 1796 Am.
273 1736 425 1796 Delenitus
446 1757 509 1794 sum
528 1738 658 1813 profecto
679 1736 729 1810 ita,
743 1747 775 1795 ut
795 1755 842 1796 me
855 1737 905 1813 qui
924 1737 984 1797 sim

304 1835 439 1892 nesciam.

126 1933 173 1982 215
186 1931 234 1988 So.
256 1931 430 2007 Amphitruo
443 1949 474 1988 es
486 1930 633 2006 prolecto:
653 1949 724 1990 aare
734 1931 774 1989 sia
787 1949 824 1990 ne
837 1941 868 1988 tu
882 1941 911 1988 te
925 1949 983 1990 usu

302 2029 435 2105 perduie:

186 2124 232 2183 Ita
244 2145 323 2183 nuno
337 2125 468 2182 hominen
481 2123 677 2198 immutantur,
690 2137 841 2203 postquam
859 2143 984 2203 peregre

304 2222 478 2280 advenimus.

186 2318 251 2377 Am.
282 2317 397 2390 Mulier,
419 2318 502 2377 istam
526 2337 586 2378 rem
611 2319 776 2395 inquisitam
800 2329 911 2377 eertum
935 2330 984 2378 est

304 2433 361 2472 non
378 2415 514 2474 amittere.

185 2512 236 2574 At.
258 2512 367 2587 Edepol
390 2529 435 2570 me
454 2512 562 2571 libente
583 2513 680 2572 laoiea.
726 2512 791 2571 Am.
811 2512 895 2575 Quid
916 2514 982 2573 aial

302 2608 442 2684 responde
457 2609 535 2667 mihi.
819 2669 821 2672 ,

184 2705 266 2768 Quid
281 2705 304 2762 ei
320 2705 432 2763 adduoo
444 2716 526 2764 tuum
546 2717 702 2784 cognatum
717 2707 774 2764 huo
790 2707 884 2766 erravi
898 2705 983 2766 Nau·

303 2814 420 2874 erotem,

126 2904 174 2956 22⁰
185 2896 246 2959 Qui
268 2913 381 2956 meeum
395 2899 454 2956 unrl
467 2909 566 2958 veotua
579 2910 623 2958 eat
640 2899 699 2957 und
712 2899 794 2959 navi:
816 2911 901 2976 atque
915 2900 941 2959 ia
953 2901 980 2960 ri

204 3057 210 3067 ,
303 2993 426 3073 denegat
