2150 3386
138 203 195 262 136
351 213 544 260 AULULARIA.
573 213 635 260 Aer.
651 212 692 258 lV.
713 212 788 257 Seu.
802 211 825 256 4.

195 361 240 420 St.
261 361 344 424 Quid
357 381 412 440 ego
424 363 550 439 ponam!
571 361 640 438 quin
654 371 685 419 tu
701 360 833 436 eloquere
849 359 989 436 quiequid

313 470 365 531 est,
380 479 432 516 suo
446 459 571 516 nomine.

195 555 225 614 N
227 575 274 628 on,
286 556 391 627 hercle,
403 555 534 631 equidem
550 555 702 630 quicquam
717 553 814 625 summ,
826 571 881 610 neo
895 552 988 630 tetigi.

312 651 372 710 Eu.
394 652 523 710 Ostende
536 651 593 709 huo
607 670 717 709 manus.

195 748 240 806 St.
262 748 338 807 Hem
349 749 417 806 tibi!
459 747 518 806 Eo.
539 747 675 805 Ostende.
717 746 762 804 St.
782 744 884 804 Eooas.
926 744 987 804 Eu.

312 845 416 903 Video.
458 844 523 922 Age
537 843 655 902 ostende
669 843 756 900 etiam
771 843 893 900 tertiam.

152 942 183 992 15
196 942 240 999 St.
269 940 367 999 Larrae
391 940 469 998 huno
498 950 581 1016 atque
609 939 783 1015 intemperiae
812 937 989 1014 insaniaeque

313 1038 420 1114 agitant
441 1055 547 1094 senem.

196 1134 319 1194 Facisne
343 1134 475 1211 injuriam
500 1132 580 1204 mihi,
604 1151 640 1190 au
663 1133 741 1189 non!
782 1130 841 1190 Eu.
872 1129 990 1202 Fateor,

313 1230 451 1305 quianon
465 1228 583 1305 pendes,
599 1246 769 1285 maxumam.

195 1324 292 1399 Atque
307 1324 334 1381 id
349 1343 462 1400 quoque
477 1324 535 1400 jam
549 1322 607 1394 fiet,
622 1322 678 1380 nisi
699 1320 797 1379 latere.
839 1321 884 1378 st.
905 1321 990 1386 Quid

313 1421 400 1479 fatear
414 1420 486 1477 tibi!

195 1516 255 1576 Eu.
275 1517 359 1578 Quid
381 1516 520 1574 abstulisti
535 1517 623 1574 hino!
664 1516 709 1572 st.
731 1513 770 1572 Di
791 1534 837 1572 me
857 1513 990 1590 perdant,

313 1614 405 1692 elego
419 1613 461 1670 tui
475 1612 626 1688 quiequam
643 1613 754 1669 abstuli.

196 1710 255 1770 Eu.
278 1709 353 1768 Nive
375 1709 445 1766 adeo
467 1709 617 1766 abstulisse
631 1708 740 1765 vellem.
782 1707 927 1784 Agedum,
943 1725 992 1765 ex·

314 1807 449 1865 outedum
462 1805 588 1881 pallium.

151 1911 183 1961 20
197 1905 241 1962 St.
260 1903 327 1961 'I'uo
339 1903 483 1960 arbitratu.
525 1901 584 1958 Eu.
604 1899 651 1956 Ne
664 1900 736 1958 inter
747 1899 860 1956 tunicas
871 1899 988 1958 habeas.

314 1999 358 2057 St.
380 1999 477 2056 Tenta
492 2017 547 2074 qua
562 1997 647 2054 lubet.

197 2097 256 2157 Eu.
278 2097 352 2167 Vah,
368 2096 514 2166 scelestus,
529 2113 613 2169 quam
629 2093 768 2171 benigne!
790 2103 821 2150 ut
839 2112 876 2152 ne
897 2094 993 2152 abstu-

315 2193 383 2251 lisse
398 2191 568 2268 intellegam.

198 2288 276 2348 Novi
296 2288 502 2365 sycophantias.
546 2287 627 2364 Age!
648 2305 771 2357 rursum,
793 2285 912 2344 ostende
932 2287 992 2346 huo

315 2402 431 2442 manum

198 2482 360 2540 Dexteram.
402 2481 447 2538 St.
464 2479 556 2538 Hem!
571 2478 632 2536 Eu.
651 2476 850 2536 Nunolaevam
861 2479 990 2538 ostende.

315 2579 359 2636 st.
379 2576 462 2639 Quin
476 2576 608 2652 equidem
624 2576 719 2631 ambas
733 2575 853 2650 profero.

198 2674 258 2733 Eu.
279 2674 343 2731 lam
355 2673 475 2730 scrutari
486 2673 575 2730 mitto.
617 2671 721 2729 Redde
736 2672 800 2730 huo.
842 2671 885 2730 St.
907 2671 992 2734 Quid

317 2768 453 2824 reddam!
493 2767 552 2824 Eu.
574 2766 623 2823 Ab
637 2787 727 2844 nugae
743 2766 813 2842 agis,

154 2864 391 2921 moertehabes.
430 2863 474 2918 St.
494 2861 596 2920 Habeo
606 2865 680 2939 ego!
699 2862 765 2938 quid
779 2863 890 2921 habeo!
930 2861 992 2922 Eu.

317 2956 385 3015 Non
401 2957 484 3013 dieo:
507 2959 604 3014 audire
618 2958 734 3034 expetis.
