2150 3386
152 207 207 274 110
368 226 566 274 autumnis.
596 227 659 274 ica.
674 228 705 275 11.
725 229 801 276 sorr.
815 229 839 274 a

209 370 263 430 Ubi
274 393 346 432 onus
357 393 497 450 nequeam
508 376 581 434 ferre
591 377 707 454 pariter,
715 377 826 454 jaceam
837 396 894 456 ego
905 379 1005 438 asinus

326 471 355 528 in
369 472 445 530 luto:

207 564 255 623 Tu
277 585 323 624 me
344 568 396 624 bos
418 568 508 645 magis
528 568 604 626 haud
626 570 773 646 respicias,
794 580 899 647 gnatus
922 573 1004 648 quasi

323 683 469 738 nunquam
484 664 564 723 siem.
669 707 671 715 .

161 763 194 812 55
206 758 246 817 Et
259 769 287 818 te
301 770 363 817 utar
379 761 531 837 iniquiore,
546 773 575 818 et
588 779 670 819 meus
683 780 729 820 me
743 762 814 820 ordo
828 763 957 823 irrideat

206 855 351 914 Neutrubi
367 857 486 916 habeam
500 858 601 916 stabile
615 858 768 932 stabulum,
783 859 807 917 si
821 860 890 934 quid
910 861 1004 920 divor·

323 954 355 1012 tii
371 953 439 1014 suat.

205 1049 291 1107 Asini
311 1069 357 1109 me
378 1051 555 1110 mordicibus
579 1051 723 1125 scindant,
743 1053 830 1110 boves
850 1052 1002 1112 incursent

322 1148 466 1206 comibus.

205 1241 273 1301 Hoc
299 1261 434 1320 magnum
460 1254 504 1302 est
526 1244 697 1321 periculum,
722 1263 769 1304 me
794 1246 828 1303 ab
853 1245 943 1304 asinis
967 1248 1002 1305 ad

281 1375 283 1382 ,
322 1340 409 1398 boves
429 1341 639 1399 transcendere.

204 1434 261 1495 He.
281 1434 380 1497 Quam
406 1437 440 1494 ad
460 1438 566 1512 probos
585 1437 797 1515 propinquitate
815 1439 948 1514 proximo
972 1451 1000 1497 te

323 1532 493 1608 adjunxeris,

160 1637 192 1689 60
205 1626 281 1685 Tam
304 1638 453 1705 optumum
473 1639 524 1688 est.
565 1628 614 1687 Tu
636 1629 831 1688 conditionem
851 1629 928 1689 hanc
955 1651 999 1690 ac·

322 1724 402 1802 cipe:
425 1724 554 1783 ausculta
568 1726 649 1798 mihi,

204 1819 301 1896 Atque
325 1839 388 1879 eam
413 1821 558 1896 desponde
583 1822 663 1880 mihi.
705 1823 765 1882 Eu.
792 1824 833 1880 At
854 1823 927 1882 nihil
956 1835 998 1883 est

322 1917 398 1974 dotis
412 1915 486 1992 quod
502 1916 576 1975 dem.
617 1917 675 1976 Ma.
697 1917 745 1976 Ne
758 1918 837 1976 duas.

204 2011 368 2070 Dummodo
381 2023 490 2070 morata
502 2023 582 2072 recte
596 2013 700 2086 veniat,
714 2014 810 2071 dotata
823 2025 866 2072 est
878 2015 956 2073 satia

204 2107 263 2170 Eu.
286 2109 330 2168 Eo
344 2109 420 2181 dico,
435 2128 471 2168 ue
484 2127 530 2166 me
544 2110 694 2168 thesauros
706 2111 844 2186 reperisse
858 2129 986 2170 censeas.

202 2205 259 2264 Me.
288 2205 376 2278 Novi,
404 2225 441 2264 ne
468 2207 581 2265 doceas.
623 2207 787 2283 Desponde.
828 2207 887 2265 Eu.
920 2208 995 2267 Fiat.

321 2302 390 2374 Sed,
410 2321 463 2379 pro
482 2302 629 2381 Juppiter!

158 2396 272 2456 &Non
298 2416 352 2475 ego
379 2398 516 2474 disperiit
556 2400 612 2459 Me.
639 2400 722 2463 Quid
749 2400 801 2458 tibi
828 2402 891 2458 est?
933 2401 993 2460 Eu.

319 2494 403 2557 Quid
417 2497 529 2572 crepuit
542 2498 623 2572 quasi
637 2498 742 2556 ferrum
757 2498 862 2556 modo?

203 2590 260 2651 He.
282 2590 342 2648 Hic
365 2592 437 2667 apud
453 2611 498 2650 me
513 2593 625 2651 hortum
647 2595 802 2658 confodere
812 2594 892 2671 jussi.
935 2597 993 2654 Sed

321 2687 370 2745 ubi
385 2687 433 2745 hic
446 2699 490 2746 est
503 2689 608 2749 homo?

203 2781 295 2852 Abiit,
309 2800 402 2856 neque
416 2801 462 2840 me
476 2785 627 2843 certiorem
642 2785 727 2843 fecit:
750 2784 856 2843 fastidit
869 2787 935 2846 mei.

202 2876 284 2941 Quia
296 2878 373 2936 videt
385 2896 431 2936 me
451 2898 533 2938 suam
547 2881 702 2940 amicitiam
715 2881 797 2954 velle,
812 2899 891 2940 more
905 2883 994 2944 homi-

319 2992 388 3031 num
404 2974 479 3032 facit
