2138 3386
250 232 450 280 Anrnrnntm.
480 234 541 280 Aca.
558 233 585 280 V.
606 235 683 280 soen.
700 235 719 280 1.
896 219 937 278 87

89 382 196 440 Animo
216 383 289 440 male
309 385 351 440 'st
396 384 507 459 Aquam
528 383 629 441 velim!
650 397 784 458 corrupta
803 401 877 456 sum,

207 492 290 555 atque
305 481 432 538 absumta
447 499 518 538 sum.

87 576 183 652 Caput
196 577 282 649 dotet,
297 595 390 652 neque
405 577 499 648 audio,
514 595 608 653 neque
627 576 721 634 oculis
733 577 878 653 prospicio

205 675 281 732 satis.

86 769 153 828 Neo
172 789 218 828 me
239 771 367 828 miserior
382 770 498 828 soemina
511 772 555 842 ἐι,
570 789 663 846 neque
676 771 735 828 ulla
749 771 877 829 videatur

206 868 304 944 magis.

84 963 131 1021 Ita
144 963 220 1021 herae
235 983 305 1021 meae
319 964 404 1022 hodie
419 964 549 1041 contigit.
590 963 668 1022 Nam
682 965 731 1021 ubi
744 964 875 1040 parturit,

205 1061 273 1118 deos
286 1061 340 1118 sibi
355 1061 476 1118 invocat.

86 1157 238 1233 Strepitus,
261 1159 395 1232 crepitus,
417 1158 536 1228 sonitus,
557 1157 696 1216 tonitrus:
719 1169 749 1215 ut
769 1158 875 1231 subit0,

205 1265 236 1312 ut
250 1274 377 1329 propere,
393 1265 423 1311 ut
437 1254 530 1312 valide
543 1255 652 1313 tonuit!
890 1252 919 1306 1⁰

86 1349 142 1409 Ubi
170 1352 290 1426 quisque
319 1353 467 1422 institerat,
495 1353 624 1410 concidit
658 1354 776 1429 crepitu.
830 1353 875 1411 Ibi
920 1395 927 1400 --

204 1449 301 1506 nescio
315 1449 378 1523 quis
393 1448 525 1506 maxumi

85 1544 167 1603 Voce
187 1544 343 1601 exclamat:
368 1545 539 1614 Alcumena,
565 1543 644 1601 adest
669 1544 815 1618 auxilium,
839 1564 876 1604 ne

205 1641 289 1697 time:
322 1649 324 1653 ’

85 1737 124 1795 Et
138 1737 202 1808 tibi,
217 1749 245 1794 et
259 1737 315 1795 tuis
329 1737 467 1813 propitius
481 1737 546 1795 oceli
562 1737 655 1794 cultor
670 1739 793 1794 advenit.

85 1833 236 1911 Exurgite,
252 1834 353 1909 inquit,
367 1835 416 1908 qni
437 1846 544 1892 terrore
564 1853 629 1892 meo
649 1835 798 1892 occidistis
817 1855 875 1912 proe

205 1943 290 1988 metu.

85 2027 124 2085 Ut
141 2027 231 2104 jacui,
246 2046 361 2104 exurge.
403 2028 515 2086 Ardere
535 2029 635 2086 censui
655 2028 734 2101 aedis,
756 2030 795 2088 ita
815 2040 876 2088 tum

205 2125 417 2201 confulgebant.
890 2127 920 2175 15

84 2220 131 2279 Ibi
152 2239 197 2278 me
218 2221 353 2278 inclamat
373 2221 551 2280 Alcumena:
569 2222 628 2299 jam
642 2241 677 2280 ea
690 2242 735 2280 res
755 2243 799 2281 me
813 2225 877 2282 hor·

205 2334 268 2376 rore
283 2319 378 2375 afficit.

85 2417 195 2474 Heriiis
214 2416 358 2492 praevortit
378 2426 488 2473 metus:
510 2415 592 2472 ocius
614 2435 741 2489 accurro,
757 2429 788 2474 ut
808 2418 876 2475 scis-

204 2532 267 2570 cam
282 2512 350 2587 quid
365 2511 447 2569 velit:

85 2610 183 2685 Atque
200 2609 275 2666 iiiam
296 2609 426 2686 geminos
440 2609 514 2666 filios
533 2627 637 2684 pueros
650 2609 793 2685 peperisse
809 2629 876 2668 con·

204 2706 314 2780 spicor;

85 2802 190 2879 Neque
210 2813 337 2859 nostrum
352 2802 501 2877 quisquam
523 2802 673 2873 sensimus,
687 2823 774 2878 quum
792 2822 875 2881 pepe·

204 2899 250 2966 rit,
266 2917 358 2973 neque
372 2899 560 2972 praevidimus.

86 2995 145 3054 Sed
159 2995 227 3073 quid
242 2997 317 3054 hoc?
337 2996 402 3070 quis
415 2995 463 3052 hic
476 3006 519 3053 est
533 3013 629 3065 senex,
887 3004 918 3052 2⁰
