2138 3386
301 228 502 276 unewanno.
531 229 684 276 suman.
902 214 937 271 81

93 375 178 436 Ilium
190 395 259 434 sane
272 395 326 436 nen
340 397 396 436 esse
408 377 543 454 apertuit,
554 377 612 434 nisi
622 377 732 454 quidem
745 376 786 434 sit
795 375 884 452 gemi-

210 492 273 530 nus.

92 567 139 628 Ju.
161 567 269 628 &eum
283 589 344 628 eum
357 570 537 646 Blepharane
551 569 670 631 Sasiam.
706 538 883 646 ampullam

210 667 258 724 lies
268 668 362 743 prins.
405 667 499 738 Sosia,
542 706 544 714 ι
896 665 926 712 10

98 763 223 822 Tandem
243 763 284 820 ad
301 768 373 822 nest
393 765 493 822 esurie.
536 765 584 822 So.
605 763 708 822 Dinin'
735 764 789 822 titii
809 765 881 822 Ituna

210 861 380 938 ueneficum?

92 959 159 1016 Am.
177 957 267 1016 Imma
293 977 344 1034 ega
370 959 452 1031 necne,
477 958 605 1016 Thebani
624 959 707 1032 eines,
733 960 784 1037 qui
809 958 883 1018 demi

211 1075 318 1112 uxerem
333 1075 418 1112 meam

91 1150 279 1228 Impedieitici
299 1153 447 1228 impetivit,
463 1172 609 1230 perquem
627 1161 703 1211 teneo
719 1155 882 1212 tnesaurum

210 1249 312 1324 stupri.

91 1345 142 1402 Sa.
165 1343 255 1415 Here,
269 1346 296 1402 si
308 1353 339 1404 tu
353 1365 427 1402 nune
441 1347 542 1418 esuris,
556 1366 607 1422 ego
619 1355 703 1404 satur
717 1348 828 1424 pugnis
843 1345 883 1405 ad

211 1449 237 1500 te
250 1443 342 1501 volito.

92 1539 159 1595 Am.
181 1538 315 1614 Pergin,
329 1540 489 1614 mastigia?
530 1542 579 1598 So.
600 1540 662 1598 Abi
681 1540 722 1598 ad
738 1540 883 1598 Acherun-

211 1643 273 1706 tem,
287 1636 411 1712 venefiee.
453 1637 519 1694 Am.
541 1637 616 1695 Men’
632 1637 803 1713 ueneficum?
896 1645 926 1692 15

97 1730 222 1808 Vapula.
273 1731 319 1790 Ju.
345 1733 429 1804 Qua,
457 1733 563 1809 hospes,
590 1735 770 1809 intemperia,
794 1743 827 1792 ut
851 1743 882 1791 tu

211 1848 295 1886 meum
308 1829 453 1887 verberes?
487 1830 553 1888 Am.
568 1830 682 1887 Tuum?
717 1830 764 1887 Ju.
779 1830 881 1889 Meum.

92 1924 161 1983 Am.
190 1925 333 1984 Mentiris.
383 1925 430 1984 Ju.
452 1926 546 1996 Sosia,
567 1926 579 1982 i
602 1927 697 1983 intro:
721 1926 786 1984 dum
810 1928 883 1985 tenne

212 2021 422 2100 saernflea,fae
430 2030 553 2098 paretur
561 2022 725 2097 prandium.

93 2117 143 2175 So.
165 2117 226 2174 1⁶0.
277 2117 518 2194 Amphitruonem,
539 2118 673 2188 arbitror,
701 2118 745 2176 ita
772 2120 884 2179 emniter

212 2212 384 2290 Amphitruo

93 2309 237 2387 Accipiet,
261 2319 294 2368 ut
316 2311 420 2369 dudum
442 2320 535 2370 memet
558 2331 609 2388 ega
632 2313 680 2371 ille
703 2313 776 2371 alter
799 2313 885 2372 Sosia

213 2407 331 2465 Sosiam.

93 2504 211 2562 Interea
233 2504 298 2562 dum
321 2505 373 2562 isti
394 2507 565 2576 certantia
582 2507 719 2583 popinam
738 2506 885 2566 devertun-

213 2601 277 2658 dnm
291 2603 328 2658 'st
341 2602 428 2659 milii:
656 2593 657 2598 ἵ
897 2614 928 2663 20

95 2699 208 2758 Lances
229 2698 372 2774 detergam
392 2699 504 2771 amnem,
518 2701 671 2778 amneisque
692 2701 795 2759 trullas
815 2701 885 2760 tan·

214 2795 295 2852 riam.
337 2794 384 2852 Ju.
412 2793 484 2852 Pan’
499 2816 539 2854 me

94 2890 218 2950 Mentiri
238 2892 304 2948 ais?
346 2892 412 2949 Am.
434 2891 578 2965 Mentiris,
597 2893 722 2970 inquam,
742 2913 807 2952 mea
827 2913 886 2952 aar·

213 2996 314 3065 ruptor
318 2987 454 3065 familia.
