2138 3386
133 233 172 290 48
353 240 557 288 immunito,
587 242 649 289 Aer.
665 241 696 288 11.
717 243 793 289 scm.
808 243 830 288 2.

147 399 178 448 25
193 389 252 448 Eos
273 389 401 466 auspicio
422 409 487 448 meo
508 401 592 466 utque
605 391 694 450 ductu
715 392 807 468 primo
828 404 905 450 coetu
918 393 989 452 viei-

309 507 390 546 mus:

192 583 279 642 Certe
298 585 375 642 enim
396 603 442 643 me
463 583 504 642 illi
525 596 706 662 expectatum
723 597 820 662 optato
833 598 986 646 venturum

309 682 378 739 seio.

192 778 239 836 So.
260 778 341 840 Quid
363 797 409 836 me
429 798 487 836 non
501 797 564 837 rere
578 790 758 856 expectatum
774 781 873 838 amioae
887 795 987 840 ventu·

308 895 372 934 rum
387 877 478 934 meaet

191 971 240 1030 At.
269 971 354 1030 Meus
377 973 419 1030 vir
443 973 491 1031 hie
516 974 631 1049 quidem
655 985 707 1033 est.
759 975 824 1032 Am.
857 976 986 1050 Sequere

311 1069 365 1127 hae
378 1081 408 1128 tu
423 1089 477 1128 me.
519 1071 568 1128 At.
591 1070 620 1127 N
624 1091 668 1128 am
679 1071 748 1147 quid
760 1072 808 1129 ille
822 1072 984 1143 revortitur,

190 1164 253 1227 Qui
275 1166 382 1224 dudum
404 1185 556 1243 properare
577 1187 640 1226 sene
663 1168 777 1245 ajebat?
805 1187 841 1225 tm
865 1168 915 1225 ille
937 1187 985 1226 me

308 1273 398 1321 tentat
411 1263 525 1320 seiensi

146 1365 177 1415 30
192 1360 287 1435 Atque
301 1360 325 1417 si
340 1359 368 1417 id
383 1360 441 1417 volt
454 1359 586 1436 experiri,
601 1379 684 1416 suum
707 1360 814 1418 abitum
828 1370 861 1417 ut
874 1359 986 1419 deside·

308 1475 378 1528 rem,

191 1553 312 1610 Ecastor
325 1554 391 1610 med
405 1554 481 1611 haud
496 1553 585 1610 invita
599 1571 629 1610 se
644 1553 761 1610 domum
776 1553 879 1629 recipit
892 1574 983 1614 suam.

189 1645 238 1707 So‘.
260 1651 443 1726 Amphitruo,
468 1649 561 1707 redire
586 1650 620 1705 ad
645 1667 747 1707 navem
770 1651 895 1708 meliu'st
919 1670 982 1710 noe

307 1747 371 1805 Am.
389 1747 463 1824 'Qut
477 1747 588 1823 gratie?

189 1843 236 1901 so.
262 1843 345 1905 Quia
365 1845 442 1902 domi
462 1845 580 1901 daturus
600 1861 686 1900 nemo
706 1853 750 1901 est
769 1843 921 1919 prandium
935 1844 984 1902 ud·

249 1929 270 1977 '-
306 1942 493 2000 venientibus.

188 2035 252 2096 Am.
273 2037 336 2100 Qut
351 2039 402 2096 tibi
421 2039 496 2096 istuc
510 2037 540 2094 in
554 2048 678 2095 mentem
692 2037 790 2096 venitt
830 2037 879 2095 so.
899 2037 983 2100 Quia

305 2136 383 2193 enim
397 2154 462 2192 sero
476 2135 651 2193 advenimus.

230 2251 937 2291 *tenete-eeu·

137 2343 143 2354 ··
187 2329 252 2388 Am.
281 2329 454 2406 Amphitruo
474 2347 592 2386 uxorem
613 2328 718 2388 salutat
736 2331 819 2388 laetus
838 2341 981 2406 speratum

305 2446 395 2498 suam,

142 2523 286 2587 45Quam
306 2523 435 2581 omnium
455 2523 567 2582 Thebis
587 2523 629 2582 vir
650 2543 736 2582 unam
758 2543 820 2582 esse
844 2511 982 2601 optimam

305 2620 453 2698 dijudicet,

186 2718 342 2793 Quumque
367 2718 438 2775 adeo
462 2717 540 2775 cives
563 2716 699 2775 Thebani
722 2735 790 2775 vero
817 2717 983 2778 tumificant

306 2814 433 2889 probam.

188 2909 339 2968 Valuistin'
370 2911 479 2985 usque?
509 2920 713 2984 expectatusne
741 2910 881 2969 adveniot
930 2911 980 2972 So.

306 3004 394 3062 Haud
408 3005 467 3063 vidi
480 3006 572 3083 magis
