2138 3386
140 226 181 288 38
356 235 560 282 snmurrnuo.
589 237 651 284 scr.
666 235 685 282 1.
705 235 782 282 soar.
796 235 818 282 s.

200 383 265 461 Ego
289 384 374 442 faxim
395 395 425 444 te
446 384 685 462 Amphitruonem
708 403 770 442 esse
791 382 883 456 melis,
905 401 990 459 quem

318 481 428 541 lovem.

199 576 250 636 Al.
279 575 409 654 Experiri
430 579 504 636 istun
524 571 673 638 murellem
692 596 748 650 me,
768 595 853 654 quum
872 574 914 634 rui
934 593 992 634 me·

317 676 461 735 morerier.

157 769 284 828 15Prius
305 772 366 829 nbis
386 791 471 849 quam
490 772 593 844 lectis,
614 771 664 830 ubi
688 770 824 843 cubuisti,
845 768 993 828 oonouluit

317 868 407 927 loeus.

201 963 281 1022 llere
302 964 403 1022 venisti
426 965 521 1024 medii
541 976 637 1038 noete,
658 984 738 1024 nuno
762 963 843 1023 nbis:
868 961 993 1022 hoooine

317 1061 430 1138 placetl

200 1156 257 1216 Me.
286 1158 444 1232 Accedam,
457 1171 540 1236 atque
554 1161 630 1219 hano
644 1158 801 1236 appellabo,
816 1167 845 1215 et
858 1175 993 1233 suppara-

319 1255 425 1314 sitsbor
439 1257 520 1332 petri.

200 1350 357 1427 Nunquam
371 1353 471 1429 edepol
486 1371 656 1428 quemquam
674 1351 822 1410 mortalem
836 1349 924 1408 oredo
938 1368 994 1428 ego

319 1467 436 1506 uxorem
450 1468 529 1508 sunm

201 1543 252 1602 Sic
272 1544 401 1603 efflictim
424 1564 528 1618 amare,
549 1545 670 1622 proinde
691 1555 723 1602 ut
744 1544 793 1602 hio
814 1554 842 1602 te
863 1543 993 1602 efflictim

318 1641 435 1718 deperit.

156 1741 189 1792 2⁰
199 1737 248 1796 Iu.
267 1737 423 1811 Carnusex‚
434 1758 493 1797 non
502 1757 558 1816 ego
567 1749 597 1798 te
607 1739 693 1796 novil
715 1738 789 1796 sbin'
802 1756 819 1795 e
832 1748 992 1814 conspectu
1053 1719 1054 1728 ἵ

317 1854 391 1894 meo.
408 1849 410 1854 '

199 1931 282 1995 Quid
295 1933 348 1991 tibi
362 1933 437 1990 hano
450 1932 562 1990 curatio
575 1942 619 1990 est
631 1950 702 2005 rem,
714 1932 842 2001 verbero,
857 1940 906 1988 sut
919 1941 993 1988 mut-

318 2029 402 2088 titiol
515 2079 518 2084 .

199 2123 281 2187 Quoi
308 2144 363 2203 ego
386 2126 446 2202 jam
473 2126 529 2184 hoe
555 2125 693 2202 scipione.
744 2124 794 2184 Al.
826 2125 891 2183 Ahl
922 2126 991 2184 noli.

316 2222 367 2281 In.
387 2222 509 2281 Muttito
521 2223 616 2281 modo.

200 2319 257 2378 Me.
285 2317 426 2394 Nequiter
439 2337 512 2394 pene
525 2319 668 2396 expedivit
680 2319 772 2396 primu
784 2320 958 2396 parasitatio.

200 2415 250 2474 Iu.
277 2416 387 2474 Verum
400 2415 477 2491 quod
491 2426 522 2474 tu
536 2415 619 2488 diois,
633 2435 697 2474 mes
710 2435 791 2488 uxor,
805 2435 864 2474 non
879 2427 908 2474 te
922 2417 992 2474 mihi
1050 2423 1051 2426 ’

320 2511 404 2569 irssoi
419 2512 510 2570 deoet.

157 2619 190 2673 z
202 2607 375 2668 Clanculum
395 2607 452 2666 sbii
467 2627 484 2666 s
496 2608 627 2687 legione:
647 2627 763 2686 operam
777 2609 852 2668 hano
867 2608 993 2685 surripui

318 2705 387 2764 tibi:

201 2800 248 2862 Ex
260 2821 306 2861 me
319 2801 412 2878 primo
425 2800 518 2879 primu
531 2802 630 2874 scires,
642 2821 701 2861 rem
715 2812 746 2860 ut
760 2802 912 2880 gessissem
922 2803 993 2880 pub-

318 2898 413 2958 lionm.
