2138 3386
255 226 458 274 mmmmm.
486 226 549 272 Aci.
564 225 596 272 11.
615 224 693 271 sen.
708 224 730 272 r.
904 211 944 272 ⁴1

298 481 423 537 Adrus
446 480 480 535 II.
516 480 639 535 SCENA
662 479 683 534 I.

327 667 524 726 Amrrrrrrrrro.
552 667 652 725 Sosis.

135 861 201 920 Am.
230 861 298 918 Asa
320 859 330 917 i
350 870 382 917 tu
401 859 568 918 seeundum.
610 858 658 916 So.
687 859 807 934 Sequor,
822 857 888 916 sub·

214 976 318 1032 sequor
332 967 368 1015 ta

96 1054 162 1113 Am.
184 1053 424 1112 Scelestissimum
435 1063 464 1112 te
475 1053 603 1112 arbitror.
638 1052 686 1111 So.
703 1051 780 1110 Nam
792 1069 889 1127 quam·

214 1153 333 1209 obrem?

96 1249 162 1306 Ana
188 1247 270 1309 Quia
289 1248 319 1304 id
339 1247 416 1322 quod
429 1265 523 1322 neque
542 1256 596 1318 est,
609 1265 704 1322 neque
718 1247 781 1318 suit,
795 1263 890 1320 neque

215 1345 341 1402 futurum
355 1353 408 1415 est,

97 1440 173 1498 Mihi
186 1441 333 1516 praedieas.
374 1440 422 1498 So.
450 1438 571 1511 anere,
582 1439 642 1516 jam
655 1439 757 1498 tuatim

98 1537 194 1609 Facis,
209 1547 241 1594 ut
254 1537 310 1594 tuis
324 1536 402 1594 nulla
416 1535 490 1612 apud
503 1546 533 1595 te
546 1537 583 1595 sit
596 1527 674 1594 fider.
901 1533 918 1584 5

97 1633 163 1691 Am.
190 1632 272 1694 Quid
293 1635 355 1690 esti
376 1651 435 1708 quo
455 1633 558 1690 modo?
576 1632 634 1710 jam
656 1633 771 1710 quidem
793 1632 891 1692 hercle

216 1748 271 1807 ego
284 1730 337 1787 tibi
351 1729 434 1786 istam

98 1826 267 1897 Sodomam,
279 1825 382 1896 scelus,
393 1825 521 1903 linguam
533 1826 707 1885 abscindam.
742 1826 789 1884 So.
804 1825 891 1885 Tuus

218 1941 299 1980 sum:

97 2018 225 2076 Proinde
246 2029 277 2076 ut
297 2019 481 2076 commodum
501 2028 544 2077 est
562 2028 591 2077 et
608 2019 696 2090 lubet,
711 2019 838 2094 quidque
851 2018 892 2078 fa·

217 2134 293 2173 oras:

97 2211 223 2284 Tamen,
239 2213 307 2287 quin
321 2213 420 2287 loquar
435 2212 497 2270 haea
510 2212 552 2270 uti
567 2211 721 2272 factasunt
735 2211 794 2285 hio,

98 2309 129 2366 N
132 2327 255 2384 unquam
271 2309 329 2366 ullo
344 2308 429 2365 modo
445 2327 489 2366 me
502 2318 583 2385 potes
597 2309 748 2367 deterrere.
903 2313 935 2365 10

5 2417 6 2428 ¹
99 2403 165 2462 Am.
194 2405 413 2476 Scelestissime,
429 2405 516 2462 audes
532 2405 600 2462 mihi
614 2405 771 2481 praedicare
785 2405 825 2478 id,

100 2501 188 2560 Domi
212 2511 241 2558 te
264 2519 327 2559 esse
350 2520 437 2573 nuno,
460 2501 508 2578 qui
533 2501 582 2559 hia
606 2502 692 2560 adesi
743 2502 791 2561 So.
813 2502 892 2561 Vera

218 2597 293 2655 dieo.

99 2693 166 2752 Am.
195 2692 321 2752 Malum!
353 2693 429 2769 quod
451 2694 505 2752 tibi
529 2694 570 2752 dii
590 2694 708 2768 dabunt,
730 2705 814 2772 atque
837 2713 893 2774 ego

220 2789 305 2847 hodie
319 2789 400 2848 dabo.

100 2886 150 2944 So.
178 2884 258 2943 Istuc
272 2886 324 2943 tibi
339 2886 425 2944 estin
440 2906 543 2944 marm:
565 2906 631 2944 nam
646 2897 712 2944 tuus
725 2905 797 2945 sum.

100 2981 168 3042 Am.
195 2981 273 3040 Tun'
289 3000 344 3054 me,
359 2983 487 3054 verbero,
502 2982 590 3041 audes
605 2982 704 3040 herum
717 2981 880 3041 ludificari?
905 2985 937 3037 15

337 3077 383 3136 μ
