2138 3386
251 231 455 284 AMPHITRUO.
483 233 546 280 Aur.
562 231 593 278 ΙΙ.
613 233 690 280 Seu.
704 232 727 278 2.
896 220 936 276 57

85 382 135 442 ΑΙ.
157 382 233 442 Hoee
245 383 361 458 quidem
383 393 504 460 apparet.
546 381 611 441 Am.
631 383 710 447 Quis
724 382 810 461 igitur
824 381 877 440 tibi

205 481 303 568 ‹jediti
342 480 392 539 Al.
412 481 477 542 Qui
491 499 537 538 me
551 491 640 558 roget.
686 567 689 575 k

84 577 133 638 So.
154 576 206 636 Me
227 588 333 653 eaptus,
349 578 416 653 quie
435 588 496 635 tute
512 578 548 636 eb
561 577 626 636 navi
641 577 806 638 clanculum
820 577 877 636 hue

204 675 258 732 alie
273 673 319 732 viri

85 771 282 830 Praeeurristi:
311 781 396 847 atque
416 770 484 828 hine
503 781 631 846 peterem
651 781 712 830 tute
735 770 876 842 exemisti,

204 879 287 942 atque
302 887 364 925 eam

85 964 165 1022 Huic
173 964 287 1035 dedisti,
296 966 416 1040 posthae
426 983 523 1024 rursus
533 960 691 1042 obsignasti
702 965 875 1023 clanculum.
890 967 937 1020 165

83 1061 150 1120 Am.
180 1060 240 1117 Hei
261 1061 347 1118 mihi!
374 1061 432 1138 jem
456 1072 488 1118 tu
512 1080 626 1136 quoque
649 1062 734 1140 hujus
762 1062 877 1139 adjuves

203 1158 359 1216 insaniem:
392 1233 393 1236 Ἴ
581 1211 582 1214 ,
657 1189 659 1196 >

7 1269 9 1280 ¹
84 1255 152 1313 Ain'
175 1255 235 1312 heri
257 1273 309 1312 nos
331 1255 478 1313 advenisse
499 1255 578 1313 huoi
626 1255 676 1314 Al.
704 1255 773 1328 Aio,
796 1257 878 1314 edve-

203 1352 342 1427 niensque
356 1352 434 1410 illiuo
729 1421 732 1426 ἱ

85 1447 136 1506 Me
150 1448 315 1519 salutavisti,
330 1459 357 1505 er
372 1467 426 1524 ego
440 1458 478 1518 te,
493 1458 522 1506 et
535 1449 665 1506 osculum
680 1449 763 1510 tetuli
775 1450 835 1508 tibi.
930 1443 934 1450 ⁴

85 1546 150 1604 Am.
173 1544 238 1603 Jam
254 1545 324 1602 illud
337 1564 395 1602 nou
416 1545 511 1620 placet
530 1545 704 1622 principium
717 1547 753 1605 de
767 1548 875 1606 osculo.

202 1642 323 1717 Pergam
338 1641 448 1716 exequi.

9 1735 16 1750 “
83 1736 134 1796 Al.
159 1737 276 1796 Levisti.
325 1738 391 1796 Am.
414 1738 508 1810 Quid,
528 1750 679 1814 postquem
699 1740 777 1798 levi'i
824 1741 875 1800 At.

204 1834 384 1891 Accubuisti.
427 1835 473 1892 So.
496 1834 594 1912 Euge!
615 1835 731 1912 optime.
890 1843 936 1892 1⁷0

82 1930 114 1990 N
116 1949 174 1990 une
187 1931 313 2006 exquire.
355 1932 420 1990 Am.
441 1931 490 1990 Ne
503 1932 669 2008 interpella;
683 1928 778 2010 ¹perge
790 1953 876 2011 porro

203 2028 308 2085 dicere.

82 2125 135 2184 Al.
161 2125 252 2204 Coena
274 2123 400 2199 appositu
420 2135 479 2182 est:
501 2125 648 2184 omuevisti
669 2145 800 2186 meeum:
821 2145 877 2206 ego

204 2220 327 2278 accubui
340 2219 433 2278 simul.

84 2317 149 2376 Am.
171 2316 206 2376 Iu
217 2317 319 2375 eodem
333 2318 428 2375 leuto?
468 2316 518 2376 Ar.
536 2317 571 2377 In
583 2319 692 2378 eodem.
734 2320 782 2379 So.
801 2320 876 2380 Heu

204 2433 262 2472 uon
276 2415 370 2491 plaeet
384 2414 554 2474 convivium.

83 2511 151 2570 Am.
180 2511 250 2570 Siue
271 2511 356 2568 modo
377 2523 544 2588 argumente
563 2512 648 2572 diuet.
689 2512 782 2587 Quid,
802 2525 878 2590 post-

204 2625 288 2682 quem
303 2607 497 2668 uoenavimus?
555 2663 557 2668 ,

84 2703 135 2762 ΑΙ.
156 2702 203 2762 Te
217 2703 370 2761 dormitare
385 2704 488 2763 aiebas.
537 2703 641 2764 Mensa
655 2705 748 2766 ablata
762 2717 814 2780 eet,
829 2723 879 2764 eu·

204 2800 296 2858 bitum
311 2800 379 2858 hine
393 2801 524 2860 abiimus.
890 2803 937 2852 1⁷5

85 2896 152 2956 Am.
166 2897 223 2956 Ubi
234 2908 265 2954 tu
279 2897 423 2956 cubuisti?
463 2897 512 2957 Al.
534 2899 680 2958 [neodem
692 2901 768 2958 leuto
782 2911 878 2958 tecum

204 2995 262 3052 une
276 2994 305 3052 iu
320 2993 464 3053 eubiculo.
