2150 3386
115 225 171 284 114
321 233 514 280 succussu.
543 234 604 278 scs.
625 231 655 278 11.
677 231 751 278 scm.
770 233 792 276 a

258 406 276 442 o
376 406 393 441 s
494 405 512 441 o
612 403 630 439 s
730 404 747 440 s
847 404 864 439 s

171 479 219 538 Cb.
235 479 389 557 Atqniego
398 480 482 550 istuc,
492 479 632 548 Anthrax,
642 477 813 536 aliovorsum
821 479 963 550 dixeram,

167 577 236 636 Non
261 577 335 634 istuc
359 577 435 652 quod
462 587 493 635 tn
517 575 674 634 insimulas.
715 575 760 633 St.
788 575 847 632 Sed
874 575 965 634 berus

285 674 399 749 nuptias

133 765 163 813 10
177 763 262 821 Meus
276 765 360 822 hodie
375 765 469 824 faciet.
512 765 561 823 Co.
583 765 674 840 Cujus
688 764 768 822 ducit
782 763 890 820 filiam?

176 859 221 917 St.
244 861 341 918 Vicini
356 861 438 937 hujus
453 861 602 918 Euclionis
616 879 633 918 e
646 879 793 936 proxumo.

177 952 215 1013 Εἰ
230 957 301 1013 adeo
315 958 427 1014 obsonii
443 958 511 1014 binc
525 957 675 1014 dimidium
688 957 772 1032 jussit
785 955 856 1025 dari,

177 1052 289 1109 Cocum
305 1053 434 1124 alterum,
450 1053 604 1127 itidemque
619 1053 735 1109 alteram
749 1052 906 1108 tibicinam.

180 1147 228 1206 Co.
250 1149 363 1225 Nempe
375 1149 443 1206 huic
454 1148 604 1206 dimidium
615 1149 699 1219 dicis,
711 1148 861 1204 dimidium
872 1147 973 1204 domii

134 1251 166 1301 15
178 1244 222 1302 St.
252 1245 365 1320 Nempe
392 1246 466 1302 sicut
493 1245 575 1303 dicis.
626 1244 675 1302 Co.
705 1245 807 1306 Quid?
835 1244 882 1302 hic
911 1262 972 1300 non

294 1351 404 1417 poterat
425 1342 461 1398 de
481 1360 533 1398 suo

179 1439 274 1495 Senex
287 1438 419 1494 obsonari
433 1438 498 1495 filiae
513 1438 541 1495 in
556 1438 682 1514 nuptiisi
794 1477 796 1480 -

178 1533 223 1591 St.
245 1534 325 1590 Vah!
369 1534 418 1591 Co.
438 1534 521 1596 Quid
534 1535 644 1612 negotii
657 1536 720 1592 esti
760 1533 805 1592 St.
826 1533 910 1595 Quid
924 1551 975 1591 ne·

296 1630 367 1707 gotii
382 1631 418 1687 sit
432 1632 534 1708 rogas?

178 1727 289 1786 Pumex
302 1744 359 1783 non
374 1746 454 1801 aeque
468 1737 510 1783 est
525 1727 630 1797 aridus,
646 1736 729 1801 atque
743 1726 791 1783 hic
805 1737 848 1783 est
861 1744 960 1785 senex.

183 1821 232 1880 Co.
260 1823 328 1880 Ain'
350 1824 466 1880 tandem
490 1823 529 1880 ita
552 1841 614 1880 esse
637 1832 669 1879 ut
689 1823 783 1880 dicisi
823 1821 868 1880 St.
892 1821 975 1879 Tute

300 1919 447 1977 existuma.

137 2013 265 2080 soQuin
292 2015 389 2074 divium
417 2024 501 2089 atque
528 2015 676 2073 hominum
702 2015 807 2072 clamat
834 2016 976 2071 continuo

300 2111 395 2183 fidem,

183 2206 271 2264 Suam
286 2225 345 2264 rem
360 2208 487 2282 periisse,
502 2227 589 2282 seque
603 2207 783 2278 eradicarier,

183 2301 228 2360 De
242 2320 295 2358 suo
309 2303 400 2378 tigillo
414 2303 508 2360 sumus
522 2304 546 2360 si
560 2323 616 2378 qua
630 2303 687 2360 exit
702 2304 785 2360 foras.

181 2397 265 2459 Quin
279 2417 344 2454 cum
361 2398 381 2455 it
396 2399 560 2472 dormitum,
576 2400 669 2456 follem
691 2399 745 2456 sibi
766 2397 917 2475 obstringit
936 2399 977 2455 ob

301 2494 404 2570 gulam.

186 2589 235 2648 Co.
265 2590 344 2647 Curi
393 2591 437 2648 St.
466 2589 513 2648 Ne
539 2592 608 2666 quid
636 2591 737 2648 animae
766 2591 838 2648 sorte
863 2589 976 2648 mnittat

301 2687 454 2744 dormiens.

140 2795 172 2845 25
186 2782 235 2839 00.
256 2781 390 2838 Etiamne
404 2783 517 2840 obturat
531 2782 694 2839 inferiorem
709 2793 863 2860 gutturem,

184 2876 232 2935 Ne
246 2877 314 2951 quid
330 2877 430 2934 animae
445 2877 517 2934 sorte
533 2879 642 2935 amittat
655 2879 818 2935 dormiens?

185 2971 230 3030 St.
253 2971 326 3030 Haec
341 2973 411 3029 mihi
424 2983 462 3044 te,
477 2983 509 3029 nt
521 2973 574 3030 tibi
588 2993 633 3031 me
648 2993 759 3049 aequom
773 2985 816 3032 est
830 2973 956 3032 credere.
