2138 3386
107 225 162 285 106
323 231 521 279 annueram.
550 207 613 279 m.
628 231 659 278 11.
680 231 757 278 scu.
771 230 793 276 ε.

162 381 222 440 En.
244 381 283 439 Et
302 393 343 454 tu,
358 383 451 441 frater.
493 381 549 441 Me.
572 381 636 460 Ego
657 381 826 439 conveniam
839 379 963 438 Euclio·

281 498 357 549 nem,
373 482 396 536 si
411 479 490 536 domi

120 572 151 621 55
164 573 224 635 Eat.
266 575 324 633 Sed
345 594 455 634 eccum.
497 575 608 633 Nescio
628 576 705 633 unde
725 592 787 632 aeae
806 573 894 631 bomo
914 589 961 630 re-

282 672 352 750 cipit
366 672 491 731 domum.

467 973 589 1028 SCENA
618 971 652 1024 ΙΙ.

383 1158 507 1218 Encnro.
538 1157 736 1216 Maeanonna.

205 1352 265 1411 Eu.
287 1351 489 1409 Pansaerann
504 1351 573 1408 mihi
589 1351 710 1423 animus,
725 1350 828 1408 frustra
846 1368 892 1408 me
906 1350 960 1423 ire,

284 1467 370 1524 quom
385 1448 496 1505 exibam
511 1447 604 1506 domo.

167 1544 268 1620 Itaque
297 1544 407 1602 abibam
433 1543 546 1602 invitus.
587 1543 664 1602 Nam
688 1561 781 1618 neque
808 1543 961 1619 quisquam

285 1641 444 1698 Curialium

168 1737 266 1810 Venit,
286 1756 379 1813 neque
400 1737 543 1815 magister,
558 1755 643 1812 quem
663 1736 789 1793 dividere
810 1747 961 1814 argentum

286 1834 418 1910 oportuit.

167 1930 257 1989 Nune
281 1932 397 1988 domum
418 1947 570 2006 properare
592 1947 729 2004 propero:
756 1948 822 1986 nam
847 1941 962 2007 egomet

285 2047 346 2084 sum
361 2025 426 2084 hro:
449 2026 559 2083 animus
573 2025 650 2082 dorni
665 2035 715 2082 est.

138 2124 225 2182 5Me.
248 2124 350 2181 Salvus
365 2133 447 2198 atque
462 2122 631 2192 fortunatus,
643 2120 757 2192 Euclio,
769 2139 880 2197 semper
894 2121 962 2186 aies,

168 2220 227 2278 Eu.
249 2218 288 2277 Di
300 2229 328 2277 te
340 2229 442 2290 ament,
455 2217 620 2295 Megadore.
662 2217 718 2274 Ma.
737 2216 818 2279 Quid
830 2219 881 2275 tu?
901 2236 963 2276 ree-

285 2317 341 2372 ten’
358 2326 442 2390 atque
456 2323 488 2371 ut
500 2314 543 2371 vis
557 2313 652 2370 vales?

168 2413 229 2472 Eu.
250 2411 319 2470 Non
333 2411 514 2469 temerarium
528 2420 582 2477 est,
593 2410 642 2467 ubi
657 2409 736 2467 dives
750 2410 853 2468 blande
868 2411 962 2487 appel·

285 2509 325 2566 lat
338 2526 499 2584 pauperem.

169 2605 234 2664 Jam
250 2605 309 2663 illie
323 2605 409 2662 homo
424 2622 524 2662 aurum
539 2621 584 2662 me
598 2603 653 2660 scit
667 2603 781 2674 babere,
796 2621 831 2660 eo
850 2621 896 2661 me
917 2623 960 2662 aa·
1065 2677 1066 2692 ἵ

287 2701 357 2758 lulat
370 2699 510 2757 blandius.

169 2795 226 2855 Me.
251 2796 319 2854 Ain'
344 2807 375 2852 tu
399 2806 427 2853 te
448 2795 561 2852 valere?
602 2795 662 2853 Eu.
686 2795 738 2853 Pol
762 2814 816 2873 ego
841 2795 918 2853 haud
943 2815 960 2856 a

286 2891 409 2967 pecunia
422 2891 554 2967 perbene.
