2150 3386
249 249 441 297 AULULARIA.
470 249 531 295 Aci.
546 249 587 295 IV.
608 249 683 295 Sem.
696 249 719 295 4.
883 231 939 292 135

388 504 510 559 scuNA
532 504 579 559 IV.

317 690 441 750 Eueno.
465 689 648 750 'Suucumuu

126 884 187 943 En.
209 885 321 957 Funis,
340 884 489 957 imbrice,
511 885 560 961 qui
581 885 634 942 sub
654 883 730 942 terri
750 884 880 962 erepsisti

206 981 302 1052 modo,

83 1078 149 1141 Qui
176 1079 262 1136 modo
285 1097 425 1152 nusquam
448 1078 651 1153 comparebas:
680 1096 768 1149 nunc,
791 1095 879 1153 quom

205 1193 362 1250 compares,
376 1175 460 1251 peris.

86 1271 152 1349 Ego
166 1271 265 1346 edepol
281 1280 319 1342 te,
330 1270 529 1348 prestigiator,
542 1271 653 1328 miseris
663 1270 723 1347 jam
739 1270 879 1346 accipiam

205 1367 306 1424 modis.

86 1464 132 1523 st.
153 1464 230 1525 Qum
248 1473 277 1520 te
291 1463 366 1520 mala
385 1482 456 1520 crux
476 1463 583 1540 agitati
603 1462 671 1539 quid
692 1462 744 1520 tibi
765 1481 878 1520 mecum

205 1571 248 1619 est
262 1560 437 1631 commercii,
452 1561 558 1617 senex?

85 1657 170 1723 Quid
184 1677 229 1715 me
244 1657 381 1716 efflictesi
395 1656 462 1732 quid
474 1675 521 1713 me
533 1657 647 1731 raptas?
661 1655 717 1732 qud
731 1673 778 1712 me
792 1654 878 1712 cause

206 1754 357 1812 verberesi
890 1741 908 1789 5

90 1851 148 1908 Eu.
176 1850 452 1920 Verberabilissime,
473 1848 559 1905 etiam
586 1848 713 1925 rogitas?
740 1866 798 1905 non
824 1847 879 1919 sur,

207 1947 257 2004 sed
277 1946 366 2003 trisur.

88 2043 134 2100 St.
161 2043 243 2105 Quid
267 2043 319 2100 tibi
347 2040 490 2117 surripui?
531 2039 591 2098 Eu.
619 2039 723 2096 Redde
747 2039 804 2096 huc
831 2039 878 2098 sis.

207 2139 251 2196 St.
271 2137 352 2200 Quid
366 2137 416 2195 tibi
427 2137 469 2193 vis
480 2136 616 2194 reddam?
655 2134 715 2192 Eu.
735 2135 880 2212 Rogitas?

88 2236 135 2294 st.
163 2234 245 2293 Nihil
268 2234 401 2309 equidem
422 2233 473 2291 tibi
497 2232 607 2290 abstuli.
648 2230 708 2289 Eu.
737 2231 777 2288 At
798 2231 879 2304 illud,

207 2330 280 2406 quud
295 2329 347 2386 tibi
363 2329 528 2400 abstuleras,
543 2328 624 2386 cedo.

88 2427 202 2504 Ecquid
230 2427 309 2503 agis?
351 2426 395 2484 St.
422 2425 504 2488 Quid
526 2426 628 2502 egami
668 2423 729 2482 Eu.
757 2422 881 2480 Auferre

207 2542 264 2581 non
284 2534 374 2599 potes.
415 2521 459 2579 St.
480 2521 562 2583 Quid
576 2521 618 2577 vis
631 2519 704 2578 tibii

89 2619 150 2679 En.
174 2618 261 2677 Pone.
303 2619 348 2676 St.
377 2617 518 2693 Equidem
538 2617 596 2692 pol,
617 2626 645 2674 te
666 2617 772 2687 datare,
794 2615 881 2673 credo

209 2725 388 2786 consuetum,
403 2733 497 2772 senex.
894 2731 925 2781 10

88 2812 150 2871 Eu.
179 2811 258 2870 Pone
286 2813 341 2869 hoc
367 2811 422 2870 sis:
455 2810 533 2868 auser
561 2810 709 2868 cavillam:
741 2827 799 2866 non
825 2825 881 2885 ego

208 2928 287 2966 nunc
306 2927 397 2986 nugas
418 2925 480 2984 ego.
