2150 3386
136 211 192 270 124
349 219 540 266 imminit.
568 219 630 266 Aci.
645 219 689 264 n1.
710 219 784 266 sm.
797 219 820 265 a

490 473 612 527 SCENA
635 472 683 528 III.

435 659 558 719 Eueno.
586 659 735 718 Commo.

230 853 290 913 Eu.
312 855 379 911 Hoc
400 853 515 929 quidem
535 853 642 924 hercle,
657 871 772 928 quoquo
792 852 850 922 ibo,
864 870 981 910 meeum

309 951 373 1021 erit,
388 968 500 1007 meeum
516 949 614 1021 feram,

191 1045 294 1121 Neque
308 1046 382 1103 istue
394 1045 518 1104 intentis
532 1045 647 1122 periclis
660 1064 786 1120 unquam
800 1044 980 1102 committam

307 1157 338 1200 ut
351 1144 412 1200 siet.

191 1238 235 1296 Ite
248 1259 316 1298 sane
330 1259 407 1296 nune
424 1240 482 1316 jam
504 1239 578 1297 intro
599 1257 708 1310 omnes,
722 1248 750 1295 et
764 1237 859 1313 coqui,
873 1247 902 1294 et
914 1237 980 1295 tibi·

308 1337 390 1394 einae.

191 1430 286 1489 Etiam
301 1432 460 1504 introduce,
476 1432 499 1490 si
514 1433 566 1503 vis,
581 1433 624 1490 vel
639 1451 754 1509 gregem
769 1431 923 1490 venalium.

162 1527 324 1603 temnite,
339 1529 434 1600 facite,
449 1530 579 1586 festinate
601 1548 679 1586 nune
699 1529 757 1605 jam
780 1537 918 1603 quantum
936 1526 979 1583 iu-

308 1626 362 1684 bet.

193 1720 241 1779 C'o.
262 1721 416 1797 Temperi:
436 1733 585 1798 postquam
598 1720 751 1798 implevisti
765 1721 831 1778 fusti
846 1720 977 1778 fissorum

308 1829 400 1892 ceput.

189 1913 249 1972 Eu.
270 1913 350 1970 Intro
372 1914 417 1971 abi
428 1934 435 1983 ;
460 1917 546 1991 op'era
566 1916 624 1972 huc
645 1916 789 1972 conducta
809 1924 852 1972 est
872 1924 977 1985 vestra,

307 2029 364 2066 non
379 2010 477 2068 oratio.

191 2105 239 2164 00.
261 2105 328 2164 Heu
349 2125 444 2176 senex,
465 2125 516 2181 pro
536 2107 704 2183 vapulando,
725 2107 830 2178 hercle,
850 2125 905 2184 ego
926 2108 978 2166 abs

306 2212 334 2259 te
348 2203 508 2260 mercedem
521 2213 625 2279 petam.

189 2297 312 2356 (loetum
335 2317 398 2374 ego,
420 2316 477 2355 non
498 2300 660 2376 vapulatum
684 2301 791 2358 dudum
814 2301 976 2360 conductus

306 2394 355 2450 fui.

145 2497 175 2547 10
188 2489 247 2548 Eu.
269 2490 347 2566 Lege
370 2489 447 2566 agito
468 2509 590 2564 meeum,
612 2492 748 2550 molestus
768 2512 805 2551 ne
826 2493 881 2552 sis:
904 2495 923 2566 i,
945 2508 975 2554 et

305 2605 415 2644 coenam
430 2605 530 2661 coque,

182 2682 248 2740 'Aut
270 2683 315 2740 abi
339 2683 368 2740 in
393 2683 498 2740 maium
522 2684 680 2742 cruciatum
705 2687 740 2744 eb
763 2687 878 2747 aedibus.
922 2689 972 2749 Co.

304 2778 361 2835 Abi
376 2787 406 2834 tu
420 2778 513 2836 modo.
