2138 3386
239 230 442 278 rurrnrnuo.
471 233 534 278 rer.
550 231 580 278 11.
602 231 678 278 scer.
693 232 714 277 a.
890 225 931 282 53

79 377 126 438 Sc.
147 378 243 438 Recte
263 379 349 438 dicit:
371 390 403 437 ut
422 380 629 452 commeminit,
644 381 788 438 somnium
808 399 871 439 nar·

197 488 240 534 rat
254 477 315 534 tibi.

80 573 148 646 Sed,
169 573 280 645 mulier,
301 583 450 650 postquam
471 585 636 650 experrecta
656 593 696 646 es,
717 575 870 653 prodigiali

197 669 262 727 Jovi

79 767 141 825 Aut
163 768 240 825 moli
264 768 338 825 salsa
362 767 458 840 hodie,
481 779 529 826 aut
552 768 635 826 thure
660 779 871 845 comprecatam

196 866 329 940 oportuit.

78 961 128 1018 Al.
154 961 207 1019 Vre
230 962 317 1037 capiti
341 962 407 1019 tuo!
458 961 506 1020 Sc.
534 961 602 1020 Tua
626 962 700 1020 istuc
724 963 820 1034 refert,
845 962 871 1022 si

197 1059 348 1116 curaveris,
758 1045 766 1056 ’

78 1154 128 1212 At.
156 1152 265 1212 lterum
289 1155 346 1231 jam
375 1155 424 1214 hic
451 1156 480 1214 in
504 1175 550 1214 me
573 1155 760 1216 inclementer
789 1156 870 1226 dicit,

198 1262 283 1327 atque
296 1252 325 1309 id
339 1253 401 1310 aine
415 1254 510 1310 malot
884 1264 931 1313 110

78 1348 143 1406 Am.
166 1348 249 1407 Tace
270 1360 308 1406 tu.
349 1349 398 1407 Tu
419 1350 476 1422 dic,
498 1369 590 1427 egone
612 1351 661 1408 abs
682 1361 711 1408 te
730 1350 787 1408 abii
802 1350 871 1408 hinc
963 1421 966 1428 .

199 1446 283 1503 hodic
297 1465 363 1503 curn
378 1446 526 1504 diluculo?

77 1541 128 1600 At.
155 1540 233 1603 Quis
258 1542 344 1619 igitur
368 1543 423 1600 nisi
446 1563 497 1600 vos
519 1543 643 1602 narrarit
666 1544 746 1616 mihi,
772 1542 813 1601 illt
838 1554 871 1602 ut

198 1638 282 1695 suerit
296 1639 444 1715 praeliumt

11 1737 17 1753 “
79 1733 144 1793 Am.
167 1735 215 1792 An
236 1736 321 1792 ctiam
343 1736 370 1792 id
385 1751 417 1793 tu
437 1737 514 1795 sciat
555 1739 605 1795 At.
625 1738 744 1813 Quippe
757 1758 821 1814 quac
835 1757 871 1796 ex

198 1842 226 1889 te
241 1832 352 1890 audivi:
374 1843 405 1889 ut
419 1834 518 1890 urbem
532 1853 693 1891 maxumam

79 1927 325 2005 Expugnavisses;
357 1948 511 2006 regemque
537 1931 678 1988 Pterelam
705 1941 767 1988 tute
794 1931 872 1989 occi-

199 2024 282 2082 deris.

79 2123 144 2180 Am.
171 2120 273 2197 Egone
293 2122 367 2178 istuc
387 2121 466 2180 dixit
505 2123 555 2180 At.
584 2123 663 2180 Tute
687 2124 762 2195 istic,
784 2124 870 2183 etiam

200 2228 307 2275 astante
322 2219 377 2275 hoc
392 2219 484 2276 Sosia.
885 2227 931 2275 115

79 2315 145 2372 Am.
167 2313 339 2372 Audivistin’
355 2325 386 2371 tu
408 2333 454 2372 me
473 2335 588 2373 narrare
602 2316 658 2373 hoc
676 2317 781 2374 hodie?
822 2317 870 2374 So.

199 2410 255 2468 Ubi
270 2429 324 2488 ego
339 2412 514 2470 audiverim?

79 2507 145 2565 Am.
167 2505 254 2564 Hanc
267 2526 345 2584 roga.
387 2507 433 2566 So.
453 2507 504 2566 Me
518 2509 632 2584 quidem
646 2521 786 2584 praesente
800 2527 873 2567 nun·

200 2623 283 2678 quam
298 2605 404 2661 factum
419 2615 471 2676 eat,
486 2605 562 2680 quod
577 2607 674 2663 sciam.

80 2700 146 2759 Am.
169 2699 276 2756 Mirum
291 2701 358 2775 quin
374 2712 402 2758 te
417 2702 551 2758 advorsus
562 2702 647 2760 dicat.
689 2702 755 2760 Am.
778 2701 871 2774 Sosia,

201 2815 269 2873 age;
290 2815 336 2854 me
350 2798 407 2854 huc
422 2798 525 2874 aspice.

82 2891 130 2951 Sc.
153 2894 267 2969 Specto.
309 2895 374 2952 Am.
396 2895 473 2952 Vera
493 2895 557 2952 volo
577 2895 654 2971 loqui
675 2905 720 2952 te:
745 2895 811 2951 nolo
832 2913 873 2950 aa·

203 2989 308 3047 centuri
322 2989 400 3048 mihi.

318 3085 408 3144 ὅν
