2138 3386
302 225 505 272 AMPHITRUO.
534 225 687 270 Sarrastes.
905 213 945 273 77

101 373 174 434 Tum
192 395 257 434 aero
275 395 345 433 uuor
364 374 444 446 vitio,
465 382 573 451 stupro,
594 371 723 431 dedecore
741 392 783 430 me
801 373 887 450 plene

213 473 314 530 emieat.

95 569 155 628 Sed
166 568 200 627 de
214 566 319 646 paterd
333 568 463 627 mira’st:
483 575 546 625 erat
564 576 655 625 tamem
669 568 781 644 signum
795 567 887 644 obsig-

214 674 311 722 natum
320 665 415 742 probe.
898 660 930 710 ³⁰

99 761 184 831 Quid
195 763 287 820 enim?
303 781 421 838 pugnas
440 769 587 838 pugnatas
601 761 761 839 prolocuta,
776 768 802 819 et
816 760 888 820 Pte·
923 767 936 798 ³1

213 861 299 917 relam
312 867 516 936 oppugnatum,

94 956 212 1015 Nostris
233 957 351 1013 occisum
374 955 502 1014 manibus
520 955 653 1032 sortiter.
695 955 793 1014 Ata!
821 953 909 1013 moui·

204 1052 268 1130 jam
284 1051 397 1110 ludum.-

94 1149 136 1207 Id
147 1148 237 1207 Sosia
241 1148 369 1226 sactu'st
383 1147 477 1226 operd,
489 1149 539 1227 qui
552 1169 592 1208 me
606 1149 686 1208 hodie
696 1168 803 1227 quoque
811 1167 888 1226 pra·

215 1253 315 1303 sentem
329 1247 407 1302 ausit

95 1341 219 1417 Indigno
234 1343 412 1418 ¹p'rauortier.
454 1343 502 1400 So.
524 1341 573 1401 De
593 1361 633 1400 me
652 1343 770 1414 loeutus,
784 1349 811 1400 et
825 1360 887 1419 qua

214 1438 293 1495 velim
307 1439 405 1496 mimus.

96 1535 245 1592 Hominem
272 1555 305 1592 ae
333 1535 558 1610 congrediamur,
586 1553 688 1613 queso,
716 1535 887 1612 priusquam

210 1631 383 1690 stomachum
397 1631 538 1690 detexerit.
900 1637 931 1689 ³⁵

97 1729 140 1786 Bl.
168 1727 206 1786 Ut
221 1728 302 1786 lubet.
346 1727 411 1785 Am.
433 1727 468 1784 Si
488 1729 567 1785 ilium
587 1727 675 1785 datur
693 1728 772 1786 hodie
792 1728 889 1786 masti-

212 1825 293 1900 giam
307 1823 520 1902 apprehendere,
535 1825 677 1882 ostendam
690 1825 762 1902 quid
773 1826 812 1882 sit
926 1833 930 1874 Γ

97 1920 333 1997 Herumfallere‚
348 1921 431 1977 mimis
445 1929 471 1978 et
485 1920 557 1978 dolis
571 1921 713 1980 incessere.
756 1922 804 1980 So.
825 1921 889 1980 Aa·

215 2018 273 2075 diu’
289 2025 320 2075 tu
334 2017 436 2074 illum?
476 2017 520 2074 Bl.
542 2017 648 2076 Audio.

96 2116 147 2173 So.
168 2115 249 2172 Illac
269 2115 400 2172 maeuiaa
420 2134 492 2172 meas
513 2123 612 2174 onerat
625 2115 767 2191 scapulas.
810 2115 889 2173 Oom·

214 2213 343 2288 pellemus
358 2212 397 2268 sis
411 2211 550 2270 homimem.

97 2309 178 2366 Seiu'
193 2308 265 2385 quid
283 2309 367 2384 vulgo
386 2308 445 2366 diei
464 2309 555 2366 solet?
596 2309 639 2367 Bi.
665 2309 749 2377 Quid
760 2309 889 2368 dicturus

217 2406 266 2476 sis,
281 2406 391 2462 nescio:

102 2500 188 2570 Quid
198 2501 253 2558 tibi
263 2500 443 2576 potiundam,
454 2499 522 2579 fere
536 2503 668 2563 hariolae.
711 2503 760 2562 So.
781 2503 891 2562 Vetu'st

218 2598 364 2672 adagium,
378 2598 479 2656 Fames
494 2607 521 2657 et
534 2619 612 2658 mora
902 2610 934 2660 40

97 2695 193 2753 Bilem
214 2695 245 2750 im
265 2713 363 2751 nasum
384 2696 523 2754 conciunt.
564 2695 607 2756 Bl.
629 2697 729 2756 Verum
749 2695 891 2774 quideme

219 2791 275 2849 loeo
289 2792 474 2867 compellemus

98 2887 215 2946 Alam-e.
257 2886 436 2964 Amphitruo.
478 2889 544 2948 Am.
565 2889 772 2967 Blepharonem
786 2889 890 2948 audio:

219 2984 318 3041 mirum
332 2984 404 3060 quid
416 2984 456 3042 ad
467 3005 507 3044 me
520 2987 623 3044 ueniat.

337 3079 384 3139 71
