2150 3386
244 249 434 298 lutetiam.
464 251 525 295 Aci.
541 249 583 296 111.
605 250 679 296 scri.
694 250 715 296 a.
876 239 927 297 121

82 397 129 458 Ita
142 417 189 458 rue
209 399 342 458 miserum
357 411 385 458 et
402 419 481 458 meos
495 400 651 476 discipulos
665 400 786 457 fustibus
799 399 872 457 male

202 498 400 556 contuderunt.

81 593 178 652 Totus
191 593 284 665 doleo,
300 605 383 668 atque
403 593 508 669 oppido
527 593 609 669 perii,
625 593 664 651 ita
685 613 730 651 me
751 593 804 651 iste
824 593 873 652 ha·

201 690 262 747 buit
276 708 362 747 senex
375 690 562 767 gymnasium.
882 683 900 732 5

80 786 187 862 Neque
208 786 286 863 ligna
309 805 363 862 ego
384 805 502 861 usquam
524 787 652 864 gentium
674 785 793 862 preberi
812 786 870 846 vidi

198 882 362 959 pulchrius:

79 978 183 1054 ltaque
203 980 295 1035 omnis
313 979 406 1056 exegit
420 979 504 1051 sorae,
519 997 566 1037 me
580 989 664 1054 atque
678 979 739 1050 hos,
754 989 868 1038 onustos

200 1075 329 1134 fustibus.

79 1172 173 1243 Attal,
188 1171 259 1247 perii
280 1171 375 1229 hercle
395 1191 450 1250 ego
469 1171 571 1230 miseri
594 1172 684 1249 aperit
697 1173 868 1232 Bacchanal.

199 1267 291 1325 Adest
301 1288 307 1325 :

79 1363 226 1438 Sequitur.
278 1364 347 1422 Scio
371 1383 456 1440 quarn
483 1383 543 1423 rem
567 1383 680 1443 geram:
712 1365 768 1423 hoc
793 1365 870 1442 ipsus

200 1460 337 1538 Magister
352 1481 397 1519 me
410 1462 517 1520 docuit.

385 1759 505 1816 scuNA
530 1760 565 1816 Il.

325 1945 449 2006 Eucuro.
478 1948 626 2007 Coucruo.

120 2137 180 2198 Eu.
202 2139 296 2212 Rani,
315 2160 371 2216 quo
393 2141 467 2218 fugis
488 2142 585 2199 nuncl
605 2150 681 2212 tene,
702 2149 776 2197 terre.
819 2137 868 2199 Oc.

197 2237 289 2309 Quid,
304 2235 415 2308 stolide,
430 2235 556 2296 clamasl

79 2330 141 2391 Eu.
161 2332 243 2395 Quia
264 2335 297 2391 ad
319 2333 471 2392 Tresviros
489 2334 546 2410 jam
568 2353 622 2411 ego
643 2333 768 2392 deseram
789 2348 869 2390 tuum

198 2447 312 2488 nomen.
355 2429 404 2488 00.
424 2430 642 2492 Quamobreml

79 2524 141 2584 Eu.
161 2526 243 2588 Quia
266 2526 388 2585 cultrum
414 2527 508 2585 habea.
561 2527 610 2584 Oc.
640 2527 753 2584 Cocum
778 2525 869 2584 decet.

199 2620 259 2681 Eu.
280 2622 362 2685 Quid
377 2623 567 2681 comminatus

81 2719 177 2778 Mihil
219 2719 267 2778 00.
289 2719 368 2778 Istuc
388 2720 571 2778 malefactum
587 2719 716 2790 arbitror,
731 2719 871 2794 quianon

198 2816 354 2874 latuasodi.

81 2912 141 2972 Eu.
172 2912 269 2971 Homo
302 2913 397 2971 nullus
424 2924 468 2971 est
492 2924 522 2972 te
548 2913 694 2972 scelestior
721 2911 770 2987 qui
797 2910 873 2968 vivat

199 3009 295 3081 hodie,
883 3011 900 3062 5

201 3123 219 3163 r
321 3106 354 3161 ll
