2138 3386
225 249 429 297 nuvurvrvuo.
459 251 520 312 neu.
536 249 566 294 11.
587 251 663 296 sess.
677 252 699 293 r.
875 235 913 292 51

62 396 112 456 At.
131 397 197 461 Qui
211 399 286 457 istuc
300 399 330 457 in
344 409 439 457 mente
453 399 572 471 esttibi,
587 385 626 456 ini
641 398 691 469 vir,
706 407 856 475 percontu-

181 497 257 554 rieri

63 591 128 650 Am.
149 592 232 654 Quia
244 594 367 651 salutare
382 593 579 651 advenientem
593 611 639 651 nre
659 593 771 650 solebas
786 593 857 651 anti-

182 690 264 748 dhau.

63 786 218 862 Appellare
232 787 330 844 itidem
346 797 376 844 ut
394 787 507 863 pudioae
521 805 588 844 suos
601 786 686 857 viros,
702 806 764 862 quae
779 797 854 859 sunt,

182 883 283 940 solent.
868 881 900 931 ³⁰

63 978 108 1035 Eo
127 997 209 1037 more
229 989 372 1056 expertem
394 991 422 1037 te
443 979 547 1038 factam
573 979 726 1037 adveniens
749 979 855 1038 offendi

182 1074 267 1134 domi.

62 1170 111 1230 Al.
134 1171 257 1230 Ecastor
278 1173 409 1248 equidem
432 1184 460 1232 te
480 1183 560 1230 certo
580 1173 640 1230 heri
656 1174 853 1232 advenientem

183 1269 262 1327 illioo
582 1275 583 1286 ¹

63 1366 100 1423 Et
114 1365 244 1437 salutavi,
259 1376 288 1424 et
300 1366 473 1424 valuissesne
488 1385 586 1441 usque,
601 1367 739 1442 exquisivi
759 1367 854 1438 simul,

63 1463 106 1520 Mi
130 1463 191 1520 vir:
222 1474 250 1520 ei
274 1482 390 1520 rnanurn
413 1464 551 1539 prehendi
572 1473 601 1522 et
620 1451 751 1520 osculum
771 1465 855 1522 tetuli

181 1559 243 1616 tibi.

64 1657 109 1716 So.
132 1655 211 1714 Tun'
227 1657 288 1714 heri
303 1657 380 1713 huno
394 1657 569 1715 salutavistii
610 1656 658 1716 Al.
681 1657 719 1714 Et
740 1667 767 1714 te
786 1677 856 1733 quo·

9 1735 14 1757 ’
183 1773 239 1828 que
253 1753 348 1824 etiam,
363 1754 455 1811 Sosia.
867 1762 899 1810 85

64 1851 110 1909 So.
134 1849 317 1926 Amphitruo,
332 1850 441 1925 speravi
454 1868 510 1928 ego
530 1851 612 1908 istam
627 1851 678 1907 tibi
699 1851 855 1926 parituram

182 1945 289 2003 filiurn:

65 2044 174 2102 Verum
195 2061 252 2098 non
274 2053 315 2099 est
337 2061 425 2118 puero
446 2044 570 2119 gravida.
611 2042 676 2100 Am.
700 2043 781 2104 Quid
804 2044 856 2122 igi-

182 2139 248 2196 turi
288 2139 336 2196 So.
358 2138 482 2196 Insanii.

65 2235 113 2294 At.
137 2235 280 2310 Equidem
302 2255 370 2292 sana
391 2253 463 2307 surn,
478 2247 506 2293 et
526 2235 595 2293 deos
614 2255 720 2311 queso,
735 2248 767 2295 ut
780 2237 857 2296 salva

182 2332 291 2407 parium
307 2333 404 2390 filium.

67 2429 173 2487 Verum
196 2439 225 2485 tu
247 2447 381 2504 magnum
403 2429 508 2486 malum
530 2428 656 2500 habebis,
672 2430 694 2486 si
711 2429 759 2486 hio
773 2449 861 2487 suum

184 2525 311 2582 officium
325 2524 410 2582 sacis:

67 2621 114 2679 Oh
137 2621 213 2678 intuo
236 2639 331 2692 omen,
355 2621 505 2693 ominatur,
527 2622 623 2698 cupies
643 2622 719 2700 quod
740 2633 768 2680 te
788 2641 844 2680 oon

184 2716 276 2775 decet.
871 2728 899 2778 9⁰

68 2814 114 2873 So.
145 2813 301 2872 Enimvero
323 2815 482 2892 praegnanti
509 2825 620 2891 oportet
646 2825 675 2873 et
699 2815 802 2872 malurn
826 2826 853 2874 ei

185 2910 291 2968 malum
305 2912 376 2984 dari,
