2138 3386
131 223 183 282 tut
346 237 543 284 Autumnis.
579 237 812 284 sentiscant.

139 393 171 445 20
184 382 277 461 Pejor,
299 385 394 457 frater,
416 396 466 445 est.
507 385 565 444 Me.
589 385 672 444 Idem
693 405 747 464 ego
768 386 899 458 arbitror,
922 407 980 445 nec

300 482 352 539 tibi

183 577 338 635 Adversari
352 589 462 636 certum
477 590 520 636 est
533 578 569 636 de
584 578 655 636 istao
668 597 700 636 re
715 597 849 653 unquam,
865 598 957 637 soror.

183 673 243 732 Eu.
272 674 318 733 Da
344 675 414 733 mihi
435 693 561 751 opernm,
584 676 693 732 amabo.
735 675 792 734 Me.
820 675 888 733 Tua
916 686 979 745 est3

301 782 381 830 utere

184 867 281 943 Atque
296 869 413 944 impera,
427 868 452 926 si
473 868 541 944 quid
556 868 605 926 vis.
648 869 708 926 Eu.
729 867 761 926 Id
780 868 855 945 quod
872 869 979 926 iurem

303 976 381 1023 tuam

185 1059 343 1138 Optumum
358 1081 419 1120 esse
434 1061 564 1134 arbitror,
575 1072 604 1120 te
619 1062 647 1119 id
659 1061 834 1119 admonitum
847 1062 980 1120 advento.

140 1157 242 1216 autre.
271 1160 369 1232 Soror,
394 1178 473 1217 more
499 1167 550 1216 tuo
577 1159 656 1218 inuis.
698 1159 758 1216 Eu.
787 1158 878 1216 Facta
904 1160 980 1216 volo.

304 1255 360 1312 Me.
381 1254 463 1317 Quid
477 1266 521 1313 est
535 1255 574 1327 id,

186 1353 293 1410 Sorori
334 1351 393 1409 Eu.
416 1351 491 1427 quod
506 1351 558 1409 tibi
573 1351 777 1428 sempiternum
791 1352 915 1410 salutare

185 1449 232 1506 Sit
243 1449 428 1524 procreandis
441 1448 548 1519 liberis,
564 1448 603 1506 ita
617 1447 647 1504 di
663 1448 762 1519 faxint,

183 1544 260 1603 Volo
272 1555 299 1602 te
312 1543 426 1602 uxorem
438 1545 555 1602 domurn
565 1545 678 1602 ducere.
720 1541 777 1602 Me.
798 1543 856 1601 Hei
867 1544 979 1603 occidi!

184 1641 245 1700 Eu.
266 1641 349 1705 Quid
361 1641 417 1699 irat
458 1641 515 1699 Me.
535 1640 618 1703 Quia
628 1641 699 1697 mihi
711 1641 814 1698 misero
829 1641 981 1699 cerebrum

305 1739 454 1796 excutiunt
824 1811 828 1818 1

140 1843 172 1897 30
184 1834 252 1893 Tua
272 1835 358 1906 diota,
380 1853 476 1892 soror:
496 1835 606 1909 lapides
625 1833 759 1909 loqueris.
802 1833 861 1891 Eu.
885 1833 980 1892 Heia!

303 1932 359 1989 hoc
374 1931 446 2002 saoe,

184 2029 275 2092 Quod
298 2039 327 2086 te
351 2028 432 2105 jubet
456 2045 544 2086 soror.
586 2027 643 2085 Me.
672 2027 705 2084 Si
725 2027 838 2096 lubeat3
865 2026 980 2085 faciam.

305 2125 364 2182 Eu.
386 2124 421 2181 In
436 2142 495 2181 rem

186 2221 254 2279 Hoo
273 2231 351 2278 tuam
372 2231 423 2277 est.
465 2218 522 2278 Me.
548 2219 585 2278 Ut
606 2219 720 2294 quidem
742 2218 874 2291 emoriar,
889 2219 982 2295 prius-

304 2335 389 2392 quam
409 2317 522 2374 duonm.

187 2414 245 2473 Sed
259 2414 303 2470 his
316 2413 438 2490 legibus,
453 2413 479 2470 si
494 2432 578 2489 qnam
593 2412 661 2470 dare
675 2413 727 2482 vis,
742 2412 862 2470 duoam:
885 2433 950 2489 quae

186 2511 259 2568 Cras
272 2509 376 2581 veniat,
390 2510 527 2584 perendie
541 2510 616 2567 furas
631 2510 746 2580 feratur,
762 2529 849 2567 soror.

142 2621 174 2671 35
188 2607 242 2664 His
255 2605 366 2682 iegibus
379 2625 464 2682 quam
478 2606 545 2663 dare
560 2606 611 2677 vis,
626 2606 708 2676 oedo,
723 2607 836 2682 nuptias
851 2606 966 2665 adorna.

187 2706 246 2763 Eu.
267 2704 366 2767 Quam
377 2723 630 2779 maxumnpossum
642 2705 704 2775 tibi,
715 2705 808 2774 irater,
818 2704 886 2760 dare
895 2703 980 2763 dote:

188 2801 246 2858 Sed
260 2811 302 2858 est
315 2800 448 2876 grandior
463 2810 548 2857 natu:
570 2801 664 2857 media
678 2811 721 2858 est
735 2799 861 2856 mulieris
875 2811 953 2858 aetas.

188 2893 261 2954 Eam
275 2895 299 2952 si
309 2895 402 2971 jubes,
417 2895 511 2966 frater,
526 2895 578 2952 tibi
593 2914 638 2953 me
651 2914 780 2971 posuere,
794 2905 920 2970 poscam.
