2150 3386
263 245 453 292 AULULARIA.
485 248 635 292 Sorrosore.
849 235 904 292 157

55 397 167 456 Pueros
176 405 310 474 prostare
324 398 400 472 cogit
414 397 586 472 indigentia,
681 437 684 443 -

60 495 142 552 Viros
148 493 264 570 furari,
280 494 463 551 mendicurier
477 495 551 569 ipsos
565 512 650 550 senes.

54 593 98 648 At
113 591 197 648 multo
205 590 288 667 pejus
302 598 352 662 est,
367 599 398 647 ut
412 591 490 647 uideo
504 610 586 659 nunc,
602 607 691 664 supra
875 588 908 639 30

58 687 154 754 Quum
170 687 244 763 quod
255 707 360 744 necesse
374 695 414 744 „st
429 687 506 743 nobis
521 707 591 743 auro
604 686 767 761 opulescere.

59 783 125 840 Heu
140 792 262 860 quantas
271 803 377 859 passus
391 792 432 840 est
447 803 584 838 erumnas
599 782 714 853 Euclio,

58 880 105 936 Ob
121 880 214 936 aulam
223 881 313 956 paulo
327 889 391 937 unte
406 900 424 936 u
437 900 465 937 se
479 878 651 955 deperditam
660 879 672 935 l

56 975 109 1032 Eu.
135 975 213 1044 Quoi
233 977 346 1032 meritos
367 975 488 1052 referam
505 979 628 1050 grates?
650 994 688 1032 un
708 974 775 1048 eliis,
796 975 850 1052 qui

174 1073 254 1128 bonos

53 1169 231 1244 Respectant
245 1169 385 1226 homines?
406 1188 444 1225 an
458 1169 565 1239 amicis,
582 1168 665 1224 rectis
680 1168 773 1224 viris?
874 1169 905 1219 ³5

53 1266 104 1321 An
119 1266 267 1341 utrisque?
289 1267 414 1341 utrisque
423 1266 528 1341 potius.
571 1265 616 1321 Et
624 1266 747 1340 primum
762 1265 825 1336 tibi,

53 1361 212 1437 Lyconide‚
221 1363 396 1437 princ-epium
410 1370 436 1418 et
450 1371 549 1418 auctor
563 1362 640 1418 tanti
653 1361 726 1431 boni,

54 1457 125 1514 Hac
140 1476 190 1532 ego
204 1467 229 1514 te
244 1457 312 1515 auli
327 1459 393 1514 auri
406 1458 546 1515 conelono:
568 1459 694 1534 accipias
709 1458 823 1515 libens!

57 1554 153 1610 Tuam
167 1553 238 1610 lanc
252 1574 308 1611 esse
321 1555 389 1626 volo,
404 1554 533 1630 etfiliam
545 1575 631 1618 meam
645 1554 737 1625 simul,

52 1651 204 1707 Prasonte
217 1650 381 1725 Megadoro,
397 1660 423 1708 et
437 1671 529 1708 sorore
543 1651 612 1726 ep'ns,
621 1650 715 1727 probel
873 1669 905 1720 40

54 1743 209 1801 Eunomia.
251 1744 301 1820 Ly.
323 1744 368 1802 Et
381 1745 509 1816 liabetur,
524 1754 550 1801 et
563 1744 689 1820 refertur
699 1745 813 1820 gratia,

59 1841 99 1897 tu
113 1841 227 1898 meritus
242 1861 279 1912 es,
294 1861 369 1898 socer
383 1850 526 1918 exoptatus
540 1842 617 1912 milei,
632 1841 746 1899 Euclio.

54 1937 111 1993 Eu.
134 1935 268 1994 Relatum
281 1939 349 1994 milei
362 1939 433 1994 satis
444 1939 552 2015 putabo
563 1939 701 2014 gratiam,

54 2034 92 2090 st
112 2032 212 2088 donum
232 2041 365 2104 nostrum,
387 2041 414 2092 et
437 2054 477 2091 me
500 2035 600 2109 ipsum,
622 2035 748 2110 occipias
771 2053 845 2092 meno

175 2129 269 2186 libens.

55 2225 108 2300 Ly.
131 2223 260 2301 Accipio,
275 2234 301 2282 et
315 2225 465 2283 Euclionis
479 2229 539 2284 oola
552 2246 612 2283 meo
625 2228 664 2284 sit
677 2226 779 2284 domus.
873 2232 905 2282 ⁴5

55 2324 99 2377 St.
125 2319 213 2388 Quod
223 2330 322 2392 restat,
337 2323 408 2393 lere,
419 2342 493 2378 nunc
507 2333 644 2392 memento,
655 2332 688 2381 ut
702 2325 753 2380 sim
767 2323 845 2383 liber.

55 2418 108 2492 Ly.
130 2415 220 2474 Recte
233 2419 383 2474 monuisti:
404 2418 479 2476 Esto
493 2421 589 2476 merito
604 2419 673 2477 liber
687 2429 744 2492 tuo,

58 2515 89 2570 0
105 2512 235 2577 Strobile,
251 2522 277 2571 et
291 2514 503 2592 turbatamjam
517 2517 594 2572 intus
609 2536 712 2572 coenam
724 2536 808 2593 para.

55 2612 100 2667 St.
123 2609 311 2684 spectatores,
326 2619 458 2668 naturam
472 2632 578 2668 auarus
593 2611 698 2670 Euclio

55 2705 205 2763 Mutavit:
226 2706 351 2764 liberulis
366 2707 567 2783 subitofoetns
582 2717 630 2766 est.

55 2802 108 2860 Sic
123 2801 294 2860 liberalitate
307 2805 421 2861 utimini
434 2825 480 2862 uos
495 2825 619 2882 quoque:

56 2899 112 2971 Ee,
127 2899 153 2956 si
167 2897 282 2956 Fabula
289 2901 462 2977 perplacuit,
478 2903 552 2959 clare
560 2901 701 2978 plaudite.

175 3011 192 3051 e
293 2996 329 3053 14
