<?xml version="1.0" encoding="UTF-8"?>
<!DOCTYPE html PUBLIC "-//W3C//DTD XHTML 1.0 Transitional//EN"
    "http://www.w3.org/TR/xhtml1/DTD/xhtml1-transitional.dtd">
<html xmlns="http://www.w3.org/1999/xhtml" xml:lang="en" lang="en">
 <head>
  <title>
</title>
<meta http-equiv="Content-Type" content="text/html;charset=utf-8" />
  <meta name='ocr-system' content='tesseract 3.04.00' />
  <meta name='ocr-capabilities' content='ocr_page ocr_carea ocr_par ocr_line ocrx_word'/>
</head>
<body>
  <div class='ocr_page' id='page_1' title='image "./macciiplautiamp00dillgoog/macciiplautiamp00dillgoog_0108.png"; bbox 0 0 2138 3386; ppageno 0'>
   <div class='ocr_carea' id='block_1_1' title="bbox 252 236 934 303">
    <p class='ocr_par' dir='ltr' id='par_1_1' title="bbox 252 236 934 303">
     <span class='ocr_line' id='line_1_1' title="bbox 252 236 934 303; baseline -0.012 0"><span class='ocrx_word' id='word_1_1' title='bbox 252 255 447 303; x_wconf 76' lang='lat' dir='ltr'>nussnnnrn</span> <span class='ocrx_word' id='word_1_2' title='bbox 477 257 539 302; x_wconf 63' lang='lat' dir='ltr'>scr.</span> <span class='ocrx_word' id='word_1_3' title='bbox 555 253 573 300; x_wconf 91' lang='lat'>1.</span> <span class='ocrx_word' id='word_1_4' title='bbox 593 253 669 300; x_wconf 70' lang='lat' dir='ltr'>sen.</span> <span class='ocrx_word' id='word_1_5' title='bbox 686 253 706 299; x_wconf 91' lang='lat'>1.</span> <span class='ocrx_word' id='word_1_6' title='bbox 893 236 934 295; x_wconf 80' lang='grc'>99</span> 
     </span>
    </p>
   </div>
   <div class='ocr_carea' id='block_1_2' title="bbox 299 509 658 566">
    <p class='ocr_par' dir='ltr' id='par_1_2' title="bbox 299 509 658 566">
     <span class='ocr_line' id='line_1_2' title="bbox 299 509 658 566; baseline 0 -2"><span class='ocrx_word' id='word_1_7' title='bbox 299 509 463 566; x_wconf 83' lang='lat' dir='ltr'>ACTUSI.</span> <span class='ocrx_word' id='word_1_8' title='bbox 491 509 613 564; x_wconf 73' lang='lat' dir='ltr'>sann</span> <span class='ocrx_word' id='word_1_9' title='bbox 636 509 658 564; x_wconf 90' lang='lat' dir='ltr'>I.</span> 
     </span>
    </p>
   </div>
   <div class='ocr_carea' id='block_1_3' title="bbox 314 693 638 755">
    <p class='ocr_par' dir='ltr' id='par_1_3' title="bbox 314 693 638 755">
     <span class='ocr_line' id='line_1_3' title="bbox 314 693 638 755; baseline 0.006 -2"><span class='ocrx_word' id='word_1_10' title='bbox 314 693 439 755; x_wconf 72' lang='lat' dir='ltr'>Eueno.</span> <span class='ocrx_word' id='word_1_11' title='bbox 467 697 638 755; x_wconf 67' lang='lat' dir='ltr'>Sensum.</span> 
     </span>
    </p>
   </div>
   <div class='ocr_carea' id='block_1_4' title="bbox 78 888 917 2981">
    <p class='ocr_par' dir='ltr' id='par_1_4' title="bbox 119 888 872 967">
     <span class='ocr_line' id='line_1_4' title="bbox 119 888 872 967; baseline 0.003 -19"><span class='ocrx_word' id='word_1_12' title='bbox 119 889 180 949; x_wconf 78' lang='lat' dir='ltr'>Eu.</span> <span class='ocrx_word' id='word_1_13' title='bbox 202 889 271 961; x_wconf 77' lang='lat' dir='ltr'>Exi,</span> <span class='ocrx_word' id='word_1_14' title='bbox 287 888 412 965; x_wconf 82' lang='lat' dir='ltr'>inquam,</span> <span class='ocrx_word' id='word_1_15' title='bbox 428 908 479 967; x_wconf 83' lang='lat' dir='ltr'>age</span> <span class='ocrx_word' id='word_1_16' title='bbox 494 889 548 948; x_wconf 84' lang='lat' dir='ltr'>exi.</span> <span class='ocrx_word' id='word_1_17' title='bbox 588 888 759 948; x_wconf 83' lang='lat' dir='ltr'><strong>Exeundum</strong></span> <span class='ocrx_word' id='word_1_18' title='bbox 774 889 872 950; x_wconf 76' lang='lat' dir='ltr'>hercle</span> 
     </span>
    </p>

    <p class='ocr_par' dir='ltr' id='par_1_5' title="bbox 196 986 488 1058">
     <span class='ocr_line' id='line_1_5' title="bbox 196 986 488 1058; baseline 0.003 -15"><span class='ocrx_word' id='word_1_19' title='bbox 196 987 249 1044; x_wconf 88' lang='lat' dir='ltr'>tibi</span> <span class='ocrx_word' id='word_1_20' title='bbox 264 986 332 1043; x_wconf 86' lang='lat' dir='ltr'>hine</span> <span class='ocrx_word' id='word_1_21' title='bbox 345 996 389 1043; x_wconf 87' lang='lat' dir='ltr'>est</span> <span class='ocrx_word' id='word_1_22' title='bbox 403 986 488 1058; x_wconf 82' lang='lat' dir='ltr'>fores,</span> 
     </span>
    </p>

    <p class='ocr_par' dir='ltr' id='par_1_6' title="bbox 79 1083 705 1160">
     <span class='ocr_line' id='line_1_6' title="bbox 79 1083 705 1160; baseline -0.002 -17"><span class='ocrx_word' id='word_1_23' title='bbox 79 1083 354 1160; x_wconf 76' lang='lat' dir='ltr'><strong>circumspectatrix</strong></span> <span class='ocrx_word' id='word_1_24' title='bbox 367 1102 433 1142; x_wconf 84' lang='lat' dir='ltr'>cunr</span> <span class='ocrx_word' id='word_1_25' title='bbox 448 1083 539 1141; x_wconf 85' lang='lat' dir='ltr'>oeulis</span> <span class='ocrx_word' id='word_1_26' title='bbox 552 1083 705 1142; x_wconf 80' lang='lat' dir='ltr'>emissitiis</span> 
     </span>
    </p>

    <p class='ocr_par' dir='ltr' id='par_1_7' title="bbox 79 1180 871 1349">
     <span class='ocr_line' id='line_1_7' title="bbox 79 1180 871 1240; baseline 0 0"><span class='ocrx_word' id='word_1_27' title='bbox 79 1181 124 1240; x_wconf 77' lang='lat' dir='ltr'>Sl.</span> <span class='ocrx_word' id='word_1_28' title='bbox 152 1180 229 1238; x_wconf 84' lang='lat' dir='ltr'>Nem</span> <span class='ocrx_word' id='word_1_29' title='bbox 257 1199 308 1238; x_wconf 84' lang='lat' dir='ltr'>our</span> <span class='ocrx_word' id='word_1_30' title='bbox 329 1199 375 1238; x_wconf 88' lang='lat' dir='ltr'>me</span> <span class='ocrx_word' id='word_1_31' title='bbox 395 1180 527 1239; x_wconf 83' lang='lat' dir='ltr'>miserem</span> <span class='ocrx_word' id='word_1_32' title='bbox 550 1181 704 1239; x_wconf 67' lang='lat' dir='ltr'>verberes?</span> <span class='ocrx_word' id='word_1_33' title='bbox 743 1181 803 1239; x_wconf 83' lang='lat' dir='ltr'>Eu.</span> <span class='ocrx_word' id='word_1_34' title='bbox 832 1181 871 1240; x_wconf 79' lang='lat' dir='ltr'>Ut</span> 
     </span>
     <span class='ocr_line' id='line_1_8' title="bbox 198 1277 363 1349; baseline 0.006 -15"><span class='ocrx_word' id='word_1_35' title='bbox 198 1278 301 1335; x_wconf 83' lang='lat' dir='ltr'>misera</span> <span class='ocrx_word' id='word_1_36' title='bbox 314 1277 363 1349; x_wconf 90' lang='lat' dir='ltr'>sis,</span> 
     </span>
    </p>

    <p class='ocr_par' dir='ltr' id='par_1_8' title="bbox 79 1373 847 1452">
     <span class='ocr_line' id='line_1_9' title="bbox 79 1373 847 1452; baseline 0.001 -21"><span class='ocrx_word' id='word_1_37' title='bbox 79 1373 177 1450; x_wconf 80' lang='lat' dir='ltr'>Atque</span> <span class='ocrx_word' id='word_1_38' title='bbox 191 1386 222 1432; x_wconf 87' lang='lat' dir='ltr'>ut</span> <span class='ocrx_word' id='word_1_39' title='bbox 236 1385 264 1432; x_wconf 89' lang='lat' dir='ltr'>te</span> <span class='ocrx_word' id='word_1_40' title='bbox 279 1375 395 1452; x_wconf 84' lang='lat' dir='ltr'>dignam</span> <span class='ocrx_word' id='word_1_41' title='bbox 409 1375 485 1432; x_wconf 81' lang='lat' dir='ltr'><strong>mala</strong></span> <span class='ocrx_word' id='word_1_42' title='bbox 498 1375 601 1432; x_wconf 80' lang='lat' dir='ltr'>malem</span> <span class='ocrx_word' id='word_1_43' title='bbox 616 1385 727 1433; x_wconf 78' lang='lat' dir='ltr'>etatem</span> <span class='ocrx_word' id='word_1_44' title='bbox 742 1375 847 1452; x_wconf 78' lang='lat' dir='ltr'>exigas.</span> 
     </span>
    </p>

    <p class='ocr_par' dir='ltr' id='par_1_9' title="bbox 79 1469 900 1628">
     <span class='ocr_line' id='line_1_10' title="bbox 79 1469 871 1547; baseline 0.003 -18"><span class='ocrx_word' id='word_1_45' title='bbox 79 1470 124 1529; x_wconf 78' lang='lat' dir='ltr'>Sl.</span> <span class='ocrx_word' id='word_1_46' title='bbox 145 1469 222 1529; x_wconf 85' lang='lat' dir='ltr'>Nem</span> <span class='ocrx_word' id='word_1_47' title='bbox 243 1471 300 1547; x_wconf 73' lang='lat' dir='ltr'>qud</span> <span class='ocrx_word' id='word_1_48' title='bbox 321 1489 366 1529; x_wconf 88' lang='lat' dir='ltr'>me</span> <span class='ocrx_word' id='word_1_49' title='bbox 380 1490 458 1529; x_wconf 87' lang='lat' dir='ltr'>nune</span> <span class='ocrx_word' id='word_1_50' title='bbox 479 1471 565 1529; x_wconf 72' lang='lat' dir='ltr'>deusd</span> <span class='ocrx_word' id='word_1_51' title='bbox 586 1473 729 1530; x_wconf 81' lang='lat' dir='ltr'>extrusisti</span> <span class='ocrx_word' id='word_1_52' title='bbox 749 1490 785 1531; x_wconf 87' lang='lat' dir='ltr'>ex</span> <span class='ocrx_word' id='word_1_53' title='bbox 804 1471 871 1531; x_wconf 83' lang='lat' dir='ltr'>aedi·</span> 
     </span>
     <span class='ocr_line' id='line_1_11' title="bbox 199 1568 900 1628; baseline 0.004 -3"><span class='ocrx_word' id='word_1_54' title='bbox 199 1568 274 1626; x_wconf 77' lang='lat' dir='ltr'>busi</span> <span class='ocrx_word' id='word_1_55' title='bbox 882 1580 900 1628; x_wconf 77' lang='lat'><strong>5</strong></span> 
     </span>
    </p>

    <p class='ocr_par' dir='ltr' id='par_1_10' title="bbox 83 1663 870 1839">
     <span class='ocr_line' id='line_1_12' title="bbox 83 1663 870 1742; baseline 0.003 -20"><span class='ocrx_word' id='word_1_56' title='bbox 83 1663 139 1722; x_wconf 78' lang='lat' dir='ltr'>Eu.</span> <span class='ocrx_word' id='word_1_57' title='bbox 173 1663 244 1722; x_wconf 85' lang='lat' dir='ltr'>Tibi</span> <span class='ocrx_word' id='word_1_58' title='bbox 277 1683 332 1742; x_wconf 85' lang='lat' dir='ltr'>ego</span> <span class='ocrx_word' id='word_1_59' title='bbox 366 1665 504 1724; x_wconf 80' lang='lat' dir='ltr'>rationem</span> <span class='ocrx_word' id='word_1_60' title='bbox 536 1665 663 1739; x_wconf 80' lang='lat' dir='ltr'>reddam,</span> <span class='ocrx_word' id='word_1_61' title='bbox 691 1665 870 1724; x_wconf 79' lang='lat' dir='ltr'>stimulorum</span> 
     </span>
     <span class='ocr_line' id='line_1_13' title="bbox 198 1764 299 1839; baseline 0.01 -20"><span class='ocrx_word' id='word_1_62' title='bbox 198 1764 299 1839; x_wconf 75' lang='lat' dir='ltr'>segeei</span> 
     </span>
    </p>

    <p class='ocr_par' dir='ltr' id='par_1_11' title="bbox 78 1857 793 1936">
     <span class='ocr_line' id='line_1_14' title="bbox 78 1857 793 1936; baseline 0.001 -21"><span class='ocrx_word' id='word_1_63' title='bbox 78 1857 152 1916; x_wconf 84' lang='lat' dir='ltr'>Illue</span> <span class='ocrx_word' id='word_1_64' title='bbox 166 1859 316 1936; x_wconf 85' lang='lat' dir='ltr'>regredere</span> <span class='ocrx_word' id='word_1_65' title='bbox 332 1859 366 1916; x_wconf 84' lang='lat' dir='ltr'>ab</span> <span class='ocrx_word' id='word_1_66' title='bbox 381 1859 470 1916; x_wconf 84' lang='lat' dir='ltr'>ostio:</span> <span class='ocrx_word' id='word_1_67' title='bbox 492 1858 560 1916; x_wconf 86' lang='lat' dir='ltr'>illue</span> <span class='ocrx_word' id='word_1_68' title='bbox 574 1858 621 1916; x_wconf 87' lang='lat' dir='ltr'>sis.</span> <span class='ocrx_word' id='word_1_69' title='bbox 663 1857 746 1925; x_wconf 81' lang='lat' dir='ltr'>Vide.</span> <span class='ocrx_word' id='word_1_70' title='bbox 762 1869 793 1916; x_wconf 89' lang='lat' dir='ltr'>ut</span> 
     </span>
    </p>

    <p class='ocr_par' dir='ltr' id='par_1_12' title="bbox 78 1955 831 2032">
     <span class='ocr_line' id='line_1_15' title="bbox 78 1955 831 2032; baseline 0.003 -20"><span class='ocrx_word' id='word_1_71' title='bbox 78 1955 202 2013; x_wconf 76' lang='lat' dir='ltr'>Incedit.</span> <span class='ocrx_word' id='word_1_72' title='bbox 244 1957 284 2013; x_wconf 86' lang='lat' dir='ltr'>At</span> <span class='ocrx_word' id='word_1_73' title='bbox 298 1956 370 2013; x_wconf 82' lang='lat' dir='ltr'>sein&#39;</span> <span class='ocrx_word' id='word_1_74' title='bbox 386 1975 443 2032; x_wconf 91' lang='lat' dir='ltr'>quo</span> <span class='ocrx_word' id='word_1_75' title='bbox 458 1957 542 2013; x_wconf 88' lang='lat' dir='ltr'>modo</span> <span class='ocrx_word' id='word_1_76' title='bbox 556 1956 608 2013; x_wconf 84' lang='lat' dir='ltr'>tibi</span> <span class='ocrx_word' id='word_1_77' title='bbox 623 1974 713 2012; x_wconf 87' lang='lat' dir='ltr'>resse</span> <span class='ocrx_word' id='word_1_78' title='bbox 727 1955 831 2014; x_wconf 81' lang='lat' dir='ltr'>hebeti</span> 
     </span>
    </p>

    <p class='ocr_par' dir='ltr' id='par_1_13' title="bbox 79 2051 871 2220">
     <span class='ocr_line' id='line_1_16' title="bbox 79 2051 871 2128; baseline 0 -18"><span class='ocrx_word' id='word_1_79' title='bbox 79 2051 112 2110; x_wconf 87' lang='lat' dir='ltr'>Si</span> <span class='ocrx_word' id='word_1_80' title='bbox 131 2052 216 2111; x_wconf 89' lang='lat' dir='ltr'>hodie</span> <span class='ocrx_word' id='word_1_81' title='bbox 236 2052 332 2110; x_wconf 82' lang='lat' dir='ltr'>hercle</span> <span class='ocrx_word' id='word_1_82' title='bbox 353 2053 455 2110; x_wconf 87' lang='lat' dir='ltr'>fustem</span> <span class='ocrx_word' id='word_1_83' title='bbox 477 2070 590 2128; x_wconf 78' lang='lat' dir='ltr'>cepero,</span> <span class='ocrx_word' id='word_1_84' title='bbox 606 2064 654 2110; x_wconf 82' lang='lat' dir='ltr'>aut</span> <span class='ocrx_word' id='word_1_85' title='bbox 673 2053 819 2110; x_wconf 80' lang='lat' dir='ltr'>stimulum</span> <span class='ocrx_word' id='word_1_86' title='bbox 840 2052 871 2110; x_wconf 87' lang='lat' dir='ltr'>in</span> 
     </span>
     <span class='ocr_line' id='line_1_17' title="bbox 196 2167 322 2220; baseline 0.016 -16"><span class='ocrx_word' id='word_1_87' title='bbox 196 2167 322 2220; x_wconf 81' lang='lat' dir='ltr'>menum,</span> 
     </span>
    </p>

    <p class='ocr_par' dir='ltr' id='par_1_14' title="bbox 78 2243 917 2323">
     <span class='ocr_line' id='line_1_18' title="bbox 78 2243 917 2323; baseline 0 -20"><span class='ocrx_word' id='word_1_88' title='bbox 78 2243 288 2303; x_wconf 84' lang='lat' dir='ltr'>Testudineum</span> <span class='ocrx_word' id='word_1_89' title='bbox 305 2245 390 2303; x_wconf 87' lang='lat' dir='ltr'>istum</span> <span class='ocrx_word' id='word_1_90' title='bbox 404 2245 456 2302; x_wconf 80' lang='lat' dir='ltr'>tibi</span> <span class='ocrx_word' id='word_1_91' title='bbox 471 2263 525 2322; x_wconf 85' lang='lat' dir='ltr'>ego</span> <span class='ocrx_word' id='word_1_92' title='bbox 539 2245 679 2322; x_wconf 83' lang='lat' dir='ltr'>grandibo</span> <span class='ocrx_word' id='word_1_93' title='bbox 693 2247 820 2323; x_wconf 81' lang='lat' dir='ltr'>gradum.</span> <span class='ocrx_word' id='word_1_94' title='bbox 884 2265 917 2315; x_wconf 84' lang='lat'>10</span> 
     </span>
    </p>

    <p class='ocr_par' dir='ltr' id='par_1_15' title="bbox 80 2341 771 2428">
     <span class='ocr_line' id='line_1_19' title="bbox 80 2341 771 2428; baseline 0 -28"><span class='ocrx_word' id='word_1_95' title='bbox 80 2341 123 2400; x_wconf 77' lang='lat' dir='ltr'>St.</span> <span class='ocrx_word' id='word_1_96' title='bbox 145 2341 262 2400; x_wconf 84' lang='lat' dir='ltr'>Utinam</span> <span class='ocrx_word' id='word_1_97' title='bbox 278 2361 323 2399; x_wconf 91' lang='lat' dir='ltr'>me</span> <span class='ocrx_word' id='word_1_98' title='bbox 338 2341 395 2399; x_wconf 87' lang='lat' dir='ltr'>divi</span> <span class='ocrx_word' id='word_1_99' title='bbox 411 2342 524 2428; x_wconf 65' lang='lat' dir='ltr'>aderint</span> <span class='ocrx_word' id='word_1_100' title='bbox 539 2342 573 2399; x_wconf 86' lang='lat' dir='ltr'>nd</span> <span class='ocrx_word' id='word_1_101' title='bbox 588 2343 771 2418; x_wconf 85' lang='lat' dir='ltr'>suspendium</span> 
     </span>
    </p>

    <p class='ocr_par' dir='ltr' id='par_1_16' title="bbox 78 2438 862 2515">
     <span class='ocr_line' id='line_1_20' title="bbox 78 2438 862 2515; baseline 0.004 -19"><span class='ocrx_word' id='word_1_102' title='bbox 78 2438 181 2496; x_wconf 86' lang='lat' dir='ltr'>Potius</span> <span class='ocrx_word' id='word_1_103' title='bbox 195 2438 320 2514; x_wconf 88' lang='lat' dir='ltr'>quidem,</span> <span class='ocrx_word' id='word_1_104' title='bbox 336 2457 421 2514; x_wconf 83' lang='lat' dir='ltr'><strong>quam</strong></span> <span class='ocrx_word' id='word_1_105' title='bbox 436 2439 491 2495; x_wconf 86' lang='lat' dir='ltr'>hoc</span> <span class='ocrx_word' id='word_1_106' title='bbox 504 2450 589 2514; x_wconf 80' lang='lat' dir='ltr'>paeto</span> <span class='ocrx_word' id='word_1_107' title='bbox 604 2440 678 2515; x_wconf 80' lang='lat' dir='ltr'>apud</span> <span class='ocrx_word' id='word_1_108' title='bbox 692 2450 720 2496; x_wconf 81' lang='lat' dir='ltr'>te</span> <span class='ocrx_word' id='word_1_109' title='bbox 734 2440 862 2500; x_wconf 83' lang='lat' dir='ltr'>serviam.</span> 
     </span>
    </p>

    <p class='ocr_par' dir='ltr' id='par_1_17' title="bbox 79 2535 752 2596">
     <span class='ocr_line' id='line_1_21' title="bbox 79 2535 752 2596; baseline -0.003 -1"><span class='ocrx_word' id='word_1_110' title='bbox 79 2535 139 2596; x_wconf 81' lang='lat' dir='ltr'>Eu.</span> <span class='ocrx_word' id='word_1_111' title='bbox 161 2537 201 2593; x_wconf 83' lang='lat' dir='ltr'>At</span> <span class='ocrx_word' id='word_1_112' title='bbox 215 2545 247 2593; x_wconf 87' lang='lat' dir='ltr'>ut</span> <span class='ocrx_word' id='word_1_113' title='bbox 260 2535 380 2593; x_wconf 83' lang='lat' dir='ltr'>sceleste</span> <span class='ocrx_word' id='word_1_114' title='bbox 394 2535 455 2592; x_wconf 84' lang='lat' dir='ltr'>sole</span> <span class='ocrx_word' id='word_1_115' title='bbox 468 2553 566 2592; x_wconf 82' lang='lat' dir='ltr'>seeum</span> <span class='ocrx_word' id='word_1_116' title='bbox 580 2537 752 2593; x_wconf 84' lang='lat' dir='ltr'>murmurat!</span> 
     </span>
    </p>

    <p class='ocr_par' dir='ltr' id='par_1_18' title="bbox 79 2631 838 2709">
     <span class='ocr_line' id='line_1_22' title="bbox 79 2631 838 2709; baseline 0 -19"><span class='ocrx_word' id='word_1_117' title='bbox 79 2631 191 2690; x_wconf 85' lang='lat' dir='ltr'>Oculos</span> <span class='ocrx_word' id='word_1_118' title='bbox 205 2632 301 2690; x_wconf 85' lang='lat' dir='ltr'>hercle</span> <span class='ocrx_word' id='word_1_119' title='bbox 315 2651 369 2709; x_wconf 87' lang='lat' dir='ltr'>ego</span> <span class='ocrx_word' id='word_1_120' title='bbox 384 2631 462 2704; x_wconf 83' lang='lat' dir='ltr'>istos,</span> <span class='ocrx_word' id='word_1_121' title='bbox 477 2631 614 2706; x_wconf 86' lang='lat' dir='ltr'>improbe,</span> <span class='ocrx_word' id='word_1_122' title='bbox 629 2631 761 2689; x_wconf 83' lang='lat' dir='ltr'>effodiam</span> <span class='ocrx_word' id='word_1_123' title='bbox 776 2633 838 2706; x_wconf 90' lang='lat' dir='ltr'>tibi,</span> 
     </span>
    </p>

    <p class='ocr_par' dir='ltr' id='par_1_19' title="bbox 79 2727 917 2806">
     <span class='ocr_line' id='line_1_23' title="bbox 79 2727 917 2806; baseline -0.001 -19"><span class='ocrx_word' id='word_1_124' title='bbox 79 2727 127 2787; x_wconf 88' lang='lat' dir='ltr'>Ne</span> <span class='ocrx_word' id='word_1_125' title='bbox 142 2747 189 2785; x_wconf 90' lang='lat' dir='ltr'>me</span> <span class='ocrx_word' id='word_1_126' title='bbox 202 2729 353 2787; x_wconf 88' lang='lat' dir='ltr'>observare</span> <span class='ocrx_word' id='word_1_127' title='bbox 365 2728 467 2805; x_wconf 89' lang='lat' dir='ltr'>possis,</span> <span class='ocrx_word' id='word_1_128' title='bbox 482 2729 551 2804; x_wconf 92' lang='lat' dir='ltr'>quid</span> <span class='ocrx_word' id='word_1_129' title='bbox 565 2747 658 2786; x_wconf 84' lang='lat' dir='ltr'>rerum</span> <span class='ocrx_word' id='word_1_130' title='bbox 673 2748 779 2806; x_wconf 86' lang='lat' dir='ltr'>geram.</span> <span class='ocrx_word' id='word_1_131' title='bbox 885 2745 917 2796; x_wconf 82' lang='lat'>15</span> 
     </span>
    </p>

    <p class='ocr_par' dir='ltr' id='par_1_20' title="bbox 80 2825 871 2885">
     <span class='ocr_line' id='line_1_24' title="bbox 80 2825 871 2885; baseline 0.001 -1"><span class='ocrx_word' id='word_1_132' title='bbox 80 2825 231 2884; x_wconf 80' lang='lat' dir='ltr'>Abscede:</span> <span class='ocrx_word' id='word_1_133' title='bbox 247 2825 332 2883; x_wconf 84' lang='lat' dir='ltr'>etiam</span> <span class='ocrx_word' id='word_1_134' title='bbox 344 2844 438 2882; x_wconf 85' lang='lat' dir='ltr'>nune:</span> <span class='ocrx_word' id='word_1_135' title='bbox 454 2825 539 2883; x_wconf 86' lang='lat' dir='ltr'>etiam</span> <span class='ocrx_word' id='word_1_136' title='bbox 550 2844 644 2882; x_wconf 84' lang='lat' dir='ltr'>nune:</span> <span class='ocrx_word' id='word_1_137' title='bbox 660 2825 754 2884; x_wconf 82' lang='lat' dir='ltr'>etiarn.</span> <span class='ocrx_word' id='word_1_138' title='bbox 788 2826 871 2885; x_wconf 87' lang='lat' dir='ltr'>Ohei</span> 
     </span>
    </p>

    <p class='ocr_par' dir='ltr' id='par_1_21' title="bbox 79 2920 728 2981">
     <span class='ocr_line' id='line_1_25' title="bbox 79 2920 728 2981; baseline -0.002 0"><span class='ocrx_word' id='word_1_139' title='bbox 79 2920 150 2981; x_wconf 85' lang='lat' dir='ltr'>Istie</span> <span class='ocrx_word' id='word_1_140' title='bbox 164 2921 283 2980; x_wconf 67' lang='lat' dir='ltr'>aderato.</span> <span class='ocrx_word' id='word_1_141' title='bbox 325 2922 359 2980; x_wconf 84' lang='lat' dir='ltr'>Si</span> <span class='ocrx_word' id='word_1_142' title='bbox 372 2921 468 2980; x_wconf 81' lang='lat' dir='ltr'>hercle</span> <span class='ocrx_word' id='word_1_143' title='bbox 482 2932 513 2980; x_wconf 81' lang='lat' dir='ltr'>tu</span> <span class='ocrx_word' id='word_1_144' title='bbox 528 2940 563 2980; x_wconf 84' lang='lat' dir='ltr'>ex</span> <span class='ocrx_word' id='word_1_145' title='bbox 577 2922 649 2980; x_wconf 81' lang='lat' dir='ltr'>istoe</span> <span class='ocrx_word' id='word_1_146' title='bbox 662 2923 728 2980; x_wconf 84' lang='lat' dir='ltr'>loeo</span> 
     </span>
    </p>
   </div>
   <div class='ocr_carea' id='block_1_5' title="bbox 0 0 1075 3386">
    <p class='ocr_par' dir='ltr' id='par_1_22' title="bbox 0 0 1075 3386">
     <span class='ocr_line' id='line_1_26' title="bbox 0 0 1075 3386; baseline 0 0"><span class='ocrx_word' id='word_1_147' title='bbox 0 0 1075 3386; x_wconf 95' lang='lat' dir='ltr'> </span> 
     </span>
    </p>
   </div>
  </div>
 </body>
</html>
