2138 3386
265 244 461 292 auaunxmx.
491 247 553 292 xci.
568 244 587 290 1.
607 245 684 291 sest.
698 243 721 289 2.
888 228 943 286 101

399 501 521 556 SCENA
544 500 580 555 ll.

330 686 454 747 Euentu.
483 687 655 749 Sannina

140 881 196 940 Eu.
220 880 311 940 Nunc
335 859 473 938 defaeoato
497 881 613 938 demum
637 881 732 938 auimo
755 879 887 957 egredior

213 977 309 1048 domo,

94 1072 251 1148 Postquam
264 1072 393 1148 perspexi
408 1072 484 1130 salva
498 1090 560 1131 esse
574 1072 650 1130 intus
664 1071 769 1130 omnia

95 1169 175 1228 Redi
202 1188 280 1227 nune
304 1169 362 1245 jam
386 1169 471 1242 intro,
498 1180 582 1245 atque
608 1169 685 1226 intus
712 1187 800 1227 serva.
841 1167 887 1227 St.

213 1264 356 1341 Quippini

96 1361 162 1439 Ego
176 1361 253 1419 intus
266 1379 392 1419 servem:
414 1381 450 1418 an
464 1380 501 1418 ne
515 1361 579 1436 quis
593 1360 667 1419 aedes
682 1361 810 1418 auferat?

96 1459 174 1516 Natu
189 1458 237 1516 hio
252 1458 325 1534 apud
339 1477 391 1514 nos
405 1457 475 1515 nihi}
490 1468 533 1515 est
547 1457 624 1515 aliud
638 1459 737 1533 quaesti
753 1457 879 1514 furibus:
901 1465 920 1514 5

95 1553 143 1613 Ita
156 1555 260 1612 inaniis
274 1565 339 1612 sunt
352 1555 473 1630 oppletae
488 1568 572 1630 atque
587 1555 705 1612 araneis.

101 1651 157 1710 Eu.
179 1650 286 1708 Mirum
308 1651 376 1726 quin
391 1661 440 1708 tua
453 1670 531 1708 nuno
546 1670 591 1709 me
612 1670 699 1708 eausa
719 1651 806 1709 faeiat
820 1649 891 1728 Jup-

215 1749 289 1824 piter

98 1844 261 1921 Philippum
276 1863 371 1922 regem
387 1855 435 1901 aut
448 1843 578 1916 Darium,
593 1843 766 1902 trivenefiea.

99 1941 230 2000 Araneas
244 1941 314 1998 mihi
328 1959 383 2018 ego
397 1941 459 1999 illas
473 1941 578 1998 serrari
592 1941 665 1999 volo.

98 2039 212 2116 Pauper
226 2057 299 2111 sum,
313 2039 412 2110 fateor,
427 2039 536 2114 patior:
558 2038 633 2113 quod
649 2037 678 2095 di
693 2037 761 2094 dant
774 2037 843 2094 fero.
906 2048 937 2098 1⁰

101 2135 160 2195 Abi
175 2136 259 2207 intro,
274 2136 396 2193 occlude
407 2135 533 2212 januam.
576 2135 641 2192 Jam
656 2153 710 2212 ego
725 2133 773 2191 hio
786 2153 843 2191 ero.

101 2234 180 2292 Cave
194 2251 354 2308 quenquam
369 2232 493 2289 alienum
508 2232 537 2288 in
553 2231 623 2289 aedis
638 2231 834 2289 intromiseris.

100 2329 192 2391 Quod
206 2328 344 2403 quispiam
360 2327 585 2403 ignem'quaerat,
600 2328 727 2404 extingui
742 2327 822 2385 volo:

105 2425 153 2483 Ne
169 2444 262 2482 eausae
276 2424 344 2499 quid
359 2425 405 2495 sit,
420 2425 496 2499 qnod
511 2435 539 2482 te
553 2425 702 2500 quisquam
717 2425 855 2500 quaritet.

104 2521 181 2579 Nam
196 2522 219 2578 si
234 2521 405 2597 igniarium,
420 2531 450 2578 tu
465 2521 631 2598 extinguere
645 2521 815 2596 extempulo.
909 2535 941 2584 15

104 2617 185 2676 Tum
200 2635 299 2692 aquarn
316 2617 458 2694 aufugisse
473 2617 571 2689 dicito,
585 2618 608 2675 si
623 2618 687 2693 quis
700 2627 785 2694 petet.

105 2713 249 2784 cultrum,
264 2713 397 2784 securim,
411 2712 557 2788 pistillum,
573 2714 749 2786 mortarium,

105 2810 184 2872 Quae
200 2809 304 2866 utenda
317 2828 384 2866 vasa
397 2828 507 2884 semper
520 2811 608 2868 vieini
623 2823 734 2888 rogant,

107 2907 201 2965 Fures
215 2906 336 2977 venisse,
351 2915 434 2980 atque
449 2906 597 2964 abstulisse
611 2908 706 2965 dicito.

108 3003 242 3064 Profecto
256 3003 286 3060 in
300 3003 375 3060 aedes
389 3021 466 3059 meas
481 3020 526 3058 me
541 3002 656 3060 absente
669 3002 813 3059 neminem
911 3019 944 3071 m

346 3099 365 3157 9
374 3097 391 3132 Ι
