2138 3386
262 210 459 258 annueram.
488 210 551 257 aci.
566 210 597 258 n.
616 211 693 257 seni.
708 211 729 256 r.
893 197 950 258 1⁰⁵

96 357 156 418 Me.
176 357 257 418 Num
269 379 327 418 non
338 360 379 418 vis
391 378 436 418 mo
447 359 622 437 interrogare
633 362 681 418 tel
721 359 781 416 En.
796 358 891 417 Immo

216 457 240 513 si
255 457 321 532 quid
337 458 389 528 vis,
403 476 481 534 roga.

97 553 156 612 Me.
177 553 246 610 Post
260 554 381 612 mediam
397 564 519 625 aetatem,
534 553 582 628 qui
598 553 721 612 mediam
741 553 821 611 dueit
841 572 890 612 ux·

217 668 297 708 orem
311 651 443 720 domum;
674 667 698 698 -·
901 656 935 708 40

99 747 131 805 Si
146 765 208 805 eam
224 766 311 804 senex
325 766 409 804 anum
423 758 615 824 praegnnnlem
631 747 748 805 fortuitu
763 747 872 818 fecerit,

96 843 181 906 Quid
196 844 317 914 dubitas,
329 845 397 919 quin
412 845 448 901 sit
459 853 587 920 paratum
602 862 707 902 nomen
720 863 809 920 puero
823 843 892 902 Pos-

216 943 331 999 tumusl

98 1035 189 1094 Nuno
202 1055 257 1114 ego
272 1037 367 1109 istum,
382 1056 471 1109 soror,
485 1038 611 1095 laborem
626 1038 749 1110 demam,
763 1048 791 1096 et
809 1037 891 1096 dimi-

218 1151 303 1188 nuam
318 1133 379 1189 tibi.

99 1228 164 1306 Ego
181 1229 285 1285 virtute
306 1227 401 1285 Derim
421 1238 450 1286 et
471 1229 608 1305 majorum
630 1241 791 1287 nostrorum
812 1229 891 1287 dives

216 1325 370 1382 sumentis.

99 1419 172 1477 latas
187 1432 303 1496 magnas
319 1421 464 1492 sactiones,
480 1421 599 1492 animos,
614 1422 694 1480 dotes
708 1421 839 1498 dapsiles,
902 1434 935 1485 45
974 1414 982 1436 ’

98 1515 257 1587 Clamores,
272 1517 400 1592 imperia,
421 1519 539 1576 eburata
558 1518 700 1590 vehicula,
714 1518 812 1594 pallas,
826 1535 879 1594 pur

216 1631 325 1688 puram,

98 1707 181 1767 Nihil
203 1728 306 1779 moror,
322 1730 384 1784 quae
405 1711 434 1768 in
455 1711 618 1770 servitutem
638 1711 798 1786 sumptibus
818 1709 891 1768 redi·

217 1816 289 1882 gunt
302 1807 377 1863 viros
464 1819 466 1823 '

98 1901 158 1960 Eu.
180 1901 238 1959 Dio
259 1903 339 1972 mihi,
354 1922 460 1977 quaeso,
475 1904 538 1977 quis
559 1922 593 1960 ea
612 1913 665 1973 est,
680 1921 763 1978 quarn
778 1902 820 1959 vis
840 1901 891 1958 du-

216 2017 282 2056 cere
297 2001 432 2056 uxoreml
473 1999 529 2058 Me.
551 2000 684 2074 Eloquar.

98 2094 240 2154 Novistin'
255 2096 332 2152 huno
346 2115 443 2153 senem
454 2096 623 2154 Euclionem
638 2115 674 2154 err
683 2095 812 2171 proximo
823 2115 890 2172 pau·

214 2193 383 2268 peruuluml
471 2243 477 2254 .

98 2287 158 2346 Eu.
179 2287 267 2359 Novi,
280 2289 424 2348 hominem
436 2289 512 2346 haud
524 2290 628 2364 malurn
643 2299 791 2348 mecastor.
832 2289 889 2348 Me.

217 2385 287 2461 Ejus
302 2386 387 2462 oupio
401 2386 488 2444 filiam
902 2395 934 2445 50

98 2480 248 2558 Virginem
277 2483 348 2540 mihi
375 2482 553 2559 desponderi.
604 2483 701 2540 Verba
728 2501 764 2540 ne
791 2481 889 2554 facias,

217 2597 304 2635 soror.

100 2673 170 2731 Soio
181 2675 249 2749 qnid
260 2675 372 2732 dictura
385 2694 432 2733 es:
454 2675 529 2733 hano
540 2694 602 2734 esse
612 2693 773 2752 pauperem.
816 2673 890 2730 Haeo

217 2790 323 2847 pauper
338 2772 439 2847 placet.

100 2865 159 2924 Eu.
179 2865 218 2924 Di
230 2868 302 2924 bene
312 2878 427 2926 vertant.
471 2867 525 2926 Me.
540 2866 620 2926 Idem
631 2887 686 2945 ego
697 2886 787 2943 spero.
828 2865 888 2925 Eu.

216 2962 315 3025 Quid!
337 2983 384 3022 me
398 2983 476 3021 nuno
490 2964 560 3039 quid
573 2965 635 3021 visl
676 2963 732 3021 Me.
755 2962 828 3020 Vale
