2150 3386
313 250 504 298 AULULARIA.
534 251 685 298 Soeeoss're.
897 241 947 298 151

104 396 148 456 lt.
181 397 231 457 Vis
252 403 398 456 erassum?
439 399 490 476 Ly.
517 400 546 470 I,
567 407 594 457 et
613 397 704 457 redde.
746 399 788 458 st.
817 397 893 456 Atat

222 494 362 552 ineassum
375 497 520 573 queritas.

104 589 156 666 Ly.
177 590 246 663 I,et
266 591 356 651 redde.
397 592 466 667 Ego
480 593 520 650 ao
531 613 618 652 senen
626 612 757 669 propero,
772 601 804 650 ut
823 591 895 669 quid

223 689 341 745 comitiis

102 781 256 840 Proeumis
279 784 395 843 videam.
444 785 533 843 Senon
553 787 647 843 aulam
671 785 738 843 ouri
751 785 891 862 perdidit,

221 879 395 955 Megadorus
906 880 935 928 15

102 973 266 1052 Repudium
279 978 435 1035 renunciat.
476 978 585 1034 Piliam
592 978 736 1054 peperisse
753 978 823 1036 uitio
835 997 892 1036 res·

221 1072 279 1129 oiit.
321 1073 362 1129 St.
384 1073 465 1130 Hero

101 1167 178 1238 Meo,
189 1177 324 1243 quantum
334 1189 384 1244 ego
394 1169 483 1240 video,
494 1189 569 1226 nemo
578 1177 619 1226 est
630 1169 784 1245 benignior.
827 1169 892 1228 Atii

219 1283 273 1320 non
287 1265 363 1340 quod

101 1357 250 1416 Inventum
264 1367 304 1417 est
315 1379 369 1416 non
379 1359 518 1432 ooouiunt,
528 1361 605 1418 modo
618 1370 741 1435 negant:
761 1363 892 1420 occulunt

221 1454 374 1532 vaniloqui.

100 1549 164 1609 sed
175 1551 256 1608 aliud
262 1561 329 1627 post
343 1553 427 1614 atiud,
437 1554 463 1610 si
476 1573 533 1630 quo
553 1554 591 1611 sit
604 1555 812 1630 opportunitas,
826 1555 892 1612 leor-

219 1657 358 1724 Pssgmm

108 1742 222 1815 Volunt,
236 1745 263 1801 si
276 1743 423 1804 Eleusinie
442 1747 490 1817 sit,
497 1745 618 1822 facilem
638 1746 716 1804 deum
736 1747 890 1813 ereduunts

220 1841 247 1897 si
262 1840 396 1918 Cotytto:
904 1845 936 1895 2⁰

100 1935 170 1994 Non
183 1937 276 1994 uidere
285 1958 363 2014 quem
378 1938 487 1995 botuot.
528 1936 580 1994 Ito
589 1958 676 2015 neque
686 1940 793 2012 amieis,
805 1960 892 2017 neque

221 2034 360 2109 cognatis,
404 2073 409 2084 .

100 2129 202 2206 Neque
214 2129 260 2186 dos
269 2138 406 2204 pareunt,
420 2129 485 2186 dum
499 2130 563 2188 bene
572 2139 699 2206 pareant
714 2131 777 2191 sibi.
818 2133 891 2192 Istic

219 2225 337 2302 quidem,

102 2320 148 2379 Ne
158 2321 285 2378 miserum
292 2319 394 2396 sociat
407 2341 504 2393 senem,
516 2329 567 2378 aut
580 2321 659 2379 illius
664 2321 813 2400 familiam
827 2345 892 2403 opu

221 2418 332 2488 lentam,

25 2539 37 2566 ι
102 2513 183 2572 Auri
203 2514 306 2585 ouium,
325 2513 473 2590 granden
493 2522 630 2586 onustum,
643 2515 767 2591 plenum,
788 2517 892 2594 referri

109 2705 148 2764 Ut
161 2725 190 2764 se
195 2610 375 2781 firiiii'ottm
394 2706 532 2777 miserum,
546 2714 630 2782 utque
652 2707 891 2784 suomfouiliom.

221 2801 279 2860 Ast
293 2822 343 2878 ego
352 2811 465 2878 portem
905 2796 937 2846 2⁵

104 2898 257 2976 Importiri
282 2900 386 2970 mutim,
412 2898 485 2957 unde
511 2898 642 2957 rodimur.
692 2899 780 2968 Quod
803 2909 893 2962 omini

222 2995 296 3068 bene,
311 2995 396 3072 pirus
