2138 3386
260 237 464 285 rrrrnrrrttro.
494 238 557 285 Ace.
572 238 604 284 11.
624 239 701 285 sen.
715 239 737 284 ι.
913 231 952 289 47

96 385 255 462 Parumper
276 387 342 444 data
362 388 416 444 'st:
438 387 506 444 dum
527 385 579 445 viri
598 386 656 447 mei
678 387 749 445 mihi
767 397 893 464 potestas

217 484 332 542 videndi
347 485 400 542 fuit

95 579 224 638 Noctem
238 601 325 638 unam
339 582 441 640 modo:
465 592 549 658 atque
563 581 587 640 is
601 591 718 658 repente
732 581 803 640 abiit
816 602 833 640 ιι
845 600 892 640 me

217 678 285 735 hino
300 689 365 736 ante
378 679 482 736 lucem.

95 775 167 834 Sola
187 774 236 832 hic
256 776 328 832 mihi
348 794 427 833 nuno
441 776 548 847 videor,
563 775 630 851 quia
651 775 699 833 ille
713 775 781 834 hinc
802 775 891 848 abest,

216 891 300 947 quem
315 891 370 950 ego
385 892 449 930 amo
462 884 564 949 praeter
578 891 686 931 omnes.
906 881 935 930 10

95 968 166 1027 Pius
180 969 250 1046 egri
264 989 298 1027 ex
314 970 391 1028 abitu
406 969 468 1040 viri,
480 989 565 1045 quam
579 989 615 1028 ex
629 970 751 1028 adventu
766 970 894 1047 volupta-

215 1067 253 1124 tis
266 1068 338 1143 cepi.

94 1164 155 1222 Sed
176 1165 232 1222 hoc
253 1185 299 1223 me
318 1166 382 1223 beat
402 1165 512 1236 saltem,
534 1164 609 1241 quod
630 1165 791 1241 perduelles
810 1165 890 1237 vicit,

215 1273 243 1320 et
257 1263 373 1320 domum

94 1358 205 1417 Laudis
225 1378 342 1434 compos
362 1359 487 1417 revenit:
515 1359 544 1416 id
564 1359 667 1417 solatio
687 1369 738 1418 est
786 1359 889 1431 Absit3

215 1456 371 1514 dummodo

94 1551 196 1610 Laude
215 1553 296 1628 parti
317 1553 434 1610 domurn
454 1553 574 1629 recipiat
594 1572 644 1611 se:
670 1555 758 1612 seram
779 1565 807 1612 et
826 1573 889 1631 per·

214 1650 302 1707 seram
316 1669 407 1725 usque

94 1747 217 1805 Abitum
245 1747 305 1823 ejus
333 1747 429 1804 animo
456 1746 521 1806 sorti
550 1758 634 1823 atque
660 1748 828 1806 obfirmato:
859 1749 886 1806 id

214 1843 300 1900 modo
313 1843 337 1902 si
352 1844 492 1901 mercedis
902 1852 932 1900 15

93 1941 187 1999 Datur
201 1941 281 2012 mihi,
293 1950 325 1997 ut
338 1941 520 1999 meusvictor
531 1941 573 1999 vir
583 1941 651 2000 belli
666 1942 768 2000 clueat.
811 1942 888 2000 Satis

92 2037 169 2096 Mihi
184 2056 247 2094 esse
260 2037 372 2095 ducam.
410 2038 511 2096 Virtus
521 2039 669 2114 premium
681 2049 724 2096 est
738 2038 886 2114 optimum.

92 2135 341 2196 Virtusomnibus
356 2136 440 2193 rebus
455 2136 544 2193 anteit
557 2136 695 2212 profecto.

92 2231 234 2302 Libertas,
248 2231 334 2302 salus,
349 2233 416 2302 vita,
431 2251 486 2302 res,
500 2243 642 2307 parentes,

92 2329 190 2386 Patria
203 2339 232 2385 et
246 2327 376 2404 prognati
391 2337 530 2400 tutantur,
545 2338 709 2387 servantur:
899 2333 931 2383 20

91 2426 193 2485 Virtus
214 2425 311 2482 omnia
331 2425 361 2482 iu
382 2443 412 2482 se
433 2424 535 2482 habet:
563 2426 661 2484 omnia
682 2436 780 2484 assunt
799 2426 886 2497 bona,

211 2540 295 2598 quern
309 2539 398 2597 penes
411 2531 455 2579 est
467 2522 563 2578 virtus.

90 2618 156 2678 Am.
178 2618 289 2694 Edepol
311 2637 357 2676 me
378 2618 457 2676 uxori
473 2629 635 2694 exoptatum
651 2619 738 2676 oredo
753 2619 887 2677 adventu-

209 2734 272 2772 rum
286 2715 413 2788 domum,

89 2813 168 2875 Quae
182 2831 229 2870 me
244 2823 335 2870 amat:
357 2832 441 2888 quam
463 2825 563 2870 contra
583 2831 662 2870 amo:
683 2812 841 2888 presertim
856 2831 886 2871 re

209 2909 290 2986 gesti
305 2910 388 2981 bene,

91 3004 187 3064 vietis
201 3005 340 3077 hortibus,
352 3024 424 3082 quos
432 3024 519 3063 nemo
529 3023 613 3080 posse
627 3003 755 3080 superari
768 3005 885 3061 ratu'st:
