2138 3386
175 243 179 252 ·
258 223 461 270 assemano.
474 205 553 271 ‘sce
568 223 588 269 1.
607 221 720 270 sema
899 209 939 269 ω

87 369 132 429 Ea
152 371 206 429 tibi
226 372 322 429 omnia
342 371 479 430 enarravi.
520 371 587 430 Nisi
607 381 636 429 te
657 388 780 429 amarem
793 367 881 447 pluri·

206 487 295 539 mum,

86 563 157 622 Non
178 565 309 623 facerem.
362 565 419 624 Me.
446 565 569 624 Facitne
589 575 621 623 ut
644 564 723 623 dixit
751 563 880 622 timidam

205 663 290 738 palpo
303 662 435 738 percutit.

85 755 137 814 Ja.
165 757 195 814 N
198 777 264 828 unc,
278 779 316 816 ne
329 759 405 836 legio
418 758 614 835 persentiscat,
630 758 704 816 clam
718 757 788 815 illuc
801 757 880 817 rede-

207 856 315 912 undum
330 867 373 913 est
387 856 473 926 mihi;

87 949 197 1008 Nemo
211 970 325 1009 uxorem
339 953 517 1028 praevortisse
530 952 627 1010 dicant
640 971 698 1029 prae
713 951 868 1028 republioi.
892 955 924 1006 30

87 1047 138 1107 At
166 1048 387 1106 Lacrumantem
407 1067 443 1106 ex
464 1049 541 1107 abitu
563 1049 721 1107 concinnas
745 1059 776 1106 tu
800 1060 879 1107 tuam

207 1163 333 1204 uxorem.
373 1145 423 1203 Jrr.
451 1145 542 1206 Tace.

87 1241 136 1300 Ne
157 1260 308 1318 corrumpe
328 1242 444 1313 oculos;
469 1243 568 1300 redibo
589 1253 725 1301 actutum.
766 1243 817 1302 At
844 1242 880 1301 ld

207 1349 334 1396 actutum
348 1339 398 1396 diu
412 1341 456 1397 'st

86 1435 137 1493 Iu.
165 1434 196 1493 N
198 1454 234 1492 on
255 1455 309 1513 ego
323 1446 352 1492 te
366 1433 415 1492 hic
430 1435 531 1493 lubens
545 1436 685 1512 relinquo,
699 1455 793 1512 neque
808 1437 881 1495 abeo

207 1533 257 1589 abs
271 1543 306 1590 te.
348 1531 397 1590 At
426 1532 537 1604 Sentio,

87 1627 117 1686 N
120 1647 165 1686 am
180 1628 236 1703 quai
256 1639 341 1685 nocte
363 1629 397 1686 ad
412 1647 458 1686 me
471 1628 583 1701 venisti,
598 1629 699 1687 eidem
720 1629 788 1687 abis.
828 1627 879 1688 Jrr.

207 1725 267 1782 Cur
282 1745 327 1782 me
340 1727 440 1784 tenesi

86 1821 255 1898 Tempu’st:
287 1822 364 1879 exire
390 1841 426 1879 ex
451 1822 532 1894 urbe,
555 1822 720 1898 priusquam
746 1823 878 1896 luciscat,

206 1919 279 1976 volo.
891 1923 923 1973 ³5

15 2084 27 2108 v
87 2015 178 2074 Nunc
197 2016 249 2072 ribi
271 2016 346 2073 hanc
364 2026 501 2091 pateram,
520 2034 583 2090 qne
603 2015 680 2073 dono
700 2014 741 2072 mi
761 2015 822 2074 illic
841 2017 880 2075 ob

206 2112 337 2170 virtutem
352 2113 419 2170 data
432 2114 476 2170 'st

87 2209 201 2268 Pterela
222 2227 271 2266 rex
292 2207 341 2284 qui
362 2207 502 2285 potitavit,
517 2227 602 2285 quem
623 2227 678 2287 ego
699 2208 764 2267 mei
783 2209 880 2268 occidi

206 2323 302 2375 manu,

87 2401 260 2471 Alcumena,
276 2401 328 2458 tibi
342 2400 483 2458 condono.
524 2400 575 2460 At.
603 2401 690 2460 Facis
703 2411 735 2460 nt
750 2402 820 2460 alias
834 2419 880 2460 res

206 2498 288 2556 soles.

87 2595 210 2654 Ecastor
234 2594 409 2671 condignum
430 2595 547 2668 donum,
568 2595 682 2672 quali'st
702 2595 751 2672 qui
771 2596 879 2654 donum

206 2691 292 2750 dedit.

87 2787 146 2848 Me.
173 2788 267 2847 lmmo
287 2788 331 2846 sic
351 2788 527 2866 condignum
541 2789 658 2862 donum,
673 2789 757 2865 quali’
772 2799 816 2848 est
830 2788 878 2848 cui

207 2885 284 2943 dono
304 2885 418 2943 datu'st.
891 2891 923 2942 40
