2138 3386
166 251 170 260 ·
237 250 440 300 nurnrrcuo.
469 253 531 298 scr.
547 252 589 298 rrr.
612 253 724 298 seraa
894 237 935 296 63

79 398 158 461 Qum
178 418 271 476 neque
291 411 358 459 sunt
378 401 463 473 facta,
478 420 572 477 neque
585 419 640 479 ego
655 402 685 459 in
700 420 745 460 me
760 400 872 472 admisi,

199 499 308 574 arguit:

81 595 178 668 Atque
192 594 220 650 id
235 614 280 652 me
294 614 399 671 susque
413 595 505 672 deque
518 596 678 654 habituram
693 605 782 672 putat.
884 602 902 652 5

80 688 149 748 Non
163 691 264 766 edepol
280 692 398 750 faciam:
420 711 513 768 neque
527 711 573 750 me
586 693 727 768 perpetiar
742 691 839 768 probri

80 786 166 844 Falso
180 788 387 846 insimulatam:
409 789 478 864 quin
493 807 547 865 ego
561 789 640 845 illum
657 799 704 846 aut
718 789 858 861 deseram,

79 883 140 940 Aut
154 884 310 942 satisfaciat
324 884 396 942 mihi
410 885 468 957 ille,
485 895 568 961 atque
583 885 692 962 adjuret
707 886 834 962 insuper,

78 977 165 1036 Nolle
179 999 242 1038 esse
256 981 342 1053 dicta,
357 1001 420 1056 quar
434 981 463 1038 in
479 1000 525 1039 me
540 982 681 1039 insontem
696 982 821 1058 protulit.

76 1074 126 1133 lu.
155 1075 336 1135 Faciundum
356 1087 400 1136 est
422 1077 493 1135 mihi
514 1077 595 1150 illud,
615 1077 677 1135 lieri
698 1079 774 1153 quod
796 1078 869 1136 illaeo

195 1175 328 1249 postulat,
883 1177 915 1227 10

77 1269 110 1326 Si
126 1289 171 1327 me
184 1270 262 1328 illam
278 1281 418 1328 amantem
433 1271 467 1328 ad
482 1289 545 1328 sese
558 1271 687 1328 studeam
701 1271 847 1346 recipere:

74 1364 204 1428 Quando
225 1386 279 1444 ego
299 1367 376 1443 quod
397 1367 462 1439 feci,
484 1367 591 1425 sactum
614 1367 642 1424 id
664 1367 868 1443 Amphitruoni

194 1465 296 1534 obfuit,

76 1561 173 1636 Atque
187 1560 235 1617 ille
250 1561 356 1617 dudum
372 1579 452 1618 meus
467 1579 545 1618 amor
559 1561 707 1638 negotium

75 1655 186 1714 Insonti
201 1657 344 1714 exhibuit:
365 1677 443 1714 nunc
458 1668 551 1714 autem
566 1657 672 1715 insonti
688 1657 757 1715 inihi

75 1751 156 1810 Illius
171 1752 213 1810 ira
227 1753 256 1810 in
272 1753 345 1810 hauc
359 1763 387 1811 et
401 1753 553 1811 maledicta
566 1764 707 1829 expetent.
880 1753 911 1802 1⁵

74 1848 125 1907 At.
146 1849 195 1921 Et,
210 1868 321 1920 eccum,
336 1850 429 1921 video,
444 1850 491 1925 qui
507 1869 552 1907 rne
565 1851 697 1908 miseram
714 1851 807 1925 arguit

74 1947 184 2022 Stupri,
198 1946 356 2004 dedecoris.
396 1946 444 2003 Ju.
466 1946 513 2004 Te
527 1946 600 2018 volo,
616 1965 696 2017 uxor,
711 1947 846 2023 colloqui.

72 2042 144 2105 Quo
158 2052 186 2100 te
203 2043 348 2100 avertistil
388 2042 437 2100 At.
459 2041 504 2100 Ita
517 2043 664 2120 ingenium
680 2061 773 2100 meum
788 2054 848 2101 est:

73 2139 213 2196 inimicos
227 2157 337 2213 semper
350 2157 401 2196 osa
414 2157 476 2195 sum
490 2139 641 2198 obtuerier.

72 2236 122 2294 Ju.
151 2235 227 2312 Heja
251 2246 344 2292 autem
370 2235 518 2293 inimicos!
569 2234 619 2293 At.
649 2235 699 2292 Sic
723 2245 775 2308 est,
797 2255 865 2294 vera

191 2331 333 2408 praedico:
756 2335 758 2342 “
876 2335 910 2386 20

73 2427 141 2486 Nisi
155 2427 239 2485 etiarn
256 2428 310 2484 hoc
325 2427 396 2484 falso
409 2427 467 2484 dici
483 2427 696 2485 insimulaturus
709 2447 748 2486 es.

72 2525 122 2582 Ju.
143 2524 241 2581 Nimis
256 2524 415 2582 verecunda
429 2543 467 2581 es.
508 2523 558 2581 At.
580 2523 673 2582 Potin’
689 2543 720 2582 es
734 2535 766 2582 ut
780 2525 866 2583 absti-

191 2639 259 2678 neas
273 2622 409 2678 manuml

73 2715 151 2774 Nam
165 2728 245 2775 certo
258 2717 281 2774 si
296 2718 335 2776 sis
348 2737 444 2789 sanus,
459 2727 508 2775 aut
521 2717 614 2793 sapias
628 2717 705 2789 satis,

70 2812 171 2876 Quam
186 2824 216 2872 tu
233 2814 405 2890 impudicam
419 2832 481 2871 esse
496 2815 633 2870 arbitrare
647 2824 675 2870 et
687 2814 837 2890 praedices,

73 2909 150 2968 Cum
164 2910 199 2967 ed
213 2920 243 2966 tu
258 2929 417 2968 sermonem
431 2929 486 2968 nec
497 2910 574 2986 joco,
590 2928 645 2966 nec
658 2910 733 2966 serio
875 2921 908 2970 ab

72 3005 145 3065 Tibi
159 3006 275 3079 habeas,
288 3005 344 3066 nisi
358 3007 397 3065 sis
411 3007 524 3064 stultior
537 3006 723 3063 stultissumo.
