2150 3386
239 209 431 256 susumus.
460 211 520 256 ici.
536 209 577 256 1v.
600 209 675 255 scm.
691 207 726 256 ιο.
879 195 936 254 145

92 357 116 430 1,
142 359 230 417 veser:
261 359 407 417 dimidiam
434 370 531 418 tecum
556 358 651 435 potius
676 371 785 434 partem
809 352 877 411 divi·
987 435 990 440 Ι

208 455 282 512 dam.

92 551 220 609 Tametsi
241 552 285 608 sur
305 551 376 610 mihi
396 569 437 624 es,
451 551 587 609 molestus
600 569 659 609 nou
672 567 730 608 erc.
771 549 786 607 I
800 567 877 622 vero,

208 648 297 706 resen·
967 633 970 638 ¹

95 745 150 820 Ly.
173 745 266 801 Sanus
280 755 311 800 tu
324 763 382 802 non
396 761 437 816 es,
451 743 500 820 qui
515 743 605 801 iurem
619 762 665 800 me
679 761 772 800 voces.
814 742 879 821 Ego

210 852 247 912 te,
262 841 376 912 Euclio,

92 937 137 994 De
164 937 219 994 uis
245 956 276 994 re
302 937 450 995 rescivisse
477 936 586 1007 censui,
611 935 688 1012 quod
713 935 748 993 ad
771 953 824 993 me¹
841 944 880 992 at·

208 1033 287 1090 tinet.
891 1036 923 1086 40

92 1129 201 1207 Magna
219 1141 263 1186 est
283 1148 338 1200 res,
352 1148 436 1204 quam
458 1147 512 1206 ego
523 1139 621 1187 tecum
637 1128 736 1200 otiose,-
751 1127 776 1185 si
789 1128 880 1186 otium

142 1291 147 1294 ⁵
208 1236 260 1296 est,
276 1228 362 1301 cupio
376 1224 461 1300 ioqui.

90 1321 153 1380 Eu.
174 1321 231 1378 Dic
245 1321 320 1378 bonu
332 1321 403 1379 fide:
425 1333 455 1379 tu
470 1321 498 1379 id
514 1339 613 1380 curum
627 1317 880 1396 nonsurripuisiiu

209 1419 267 1494 Ly.
289 1418 379 1476 Boni.

92 1515 153 1572 Eu.
174 1514 278 1590 Neque
292 1515 349 1572 scis
358 1514 423 1590 quis
435 1515 600 1572 abstulerit?
640 1515 698 1591 Ly.
719 1514 799 1573 Istuc
813 1533 882 1590 quo-
910 1555 912 1563 ,

210 1631 265 1686 que
281 1612 362 1668 bona.
405 1610 463 1668 Eu.
485 1611 582 1686 Atque
596 1611 624 1668 id
638 1610 663 1668 si
676 1611 760 1682 scies,

89 1707 154 1770 Qui
182 1707 338 1778 abstulerit,
359 1706 429 1763 mihi
453 1706 614 1764 indicabis?
665 1707 723 1783 Ly⁴
753 1707 879 1766 Faciam.

210 1802 269 1861 Eu.
291 1803 394 1878 Neque
407 1814 515 1878 partem
530 1802 582 1860 tibi

90 1901 141 1958 Ab
165 1919 210 1971 eo,
234 1899 333 1976 quiqui
358 1909 410 1970 est,
434 1898 501 1957 inde
525 1917 645 1975 posces:
673 1917 768 1975 neque
791 1899 882 1958 iurem

210 1996 357 2072 excipies?
400 1995 457 2073 Ly.
480 1993 532 2054 Ita.
894 1999 926 2050 45

91 2091 153 2150 Ec.
174 2091 256 2155 Quid
277 2093 301 2149 si
322 2092 414 2149 saliis?
455 2092 512 2168 Ly.
534 2091 615 2148 Tum
634 2111 687 2149 me·
700 2091 787 2150 iiiciat
806 2092 883 2168 quod

210 2189 268 2246 volt
282 2207 402 2265 magnus
415 2187 555 2263 Iuppiter.
648 2215 650 2218 ·

91 2284 154 2342 Eu.
184 2285 235 2342 Sat
259 2285 359 2342 habco.
409 2285 473 2361 Age
500 2303 578 2342 nunc
604 2285 721 2360 loquere
741 2285 809 2362 quid
831 2285 882 2344 vis.

211 2381 269 2457 Ly.
291 2381 324 2438 Si
338 2399 384 2438 me
397 2381 500 2438 novisti
515 2381 619 2452 minus,

88 2478 207 2536 Genere
221 2475 270 2552 qui
290 2477 343 2534 sim
364 2487 483 2553 gnatus:
505 2477 552 2534 hic
568 2477 638 2533 mihi
652 2487 695 2534 est
710 2476 884 2556 Megadorus

214 2573 385 2630 avonculus:

90 2669 180 2728 Meus
201 2669 254 2726 suit
273 2680 353 2745 pater
374 2669 583 2728 Antimachus:
608 2688 663 2748 ego
683 2689 769 2728 vocor
793 2671 885 2748 Lycc-

212 2765 309 2822 nidcs:

90 2861 189 2920 Mater
210 2872 253 2918 est
275 2861 427 2920 Eunomia.
475 2861 536 2920 Eu.
557 2862 635 2921 Novi
655 2881 754 2940 genus.
796 2863 886 2923 Nunc

213 2956 281 3033 quid
296 2957 358 3014 vis?
381 2957 410 3014 id
424 2959 489 3015 volo
897 2972 939 3024 ω,

216 3072 233 3110 v
334 3053 371 3110 13
902 3059 907 3074 '
