2138 3386
259 215 462 264 immortuo.
491 219 554 265 ici.
569 219 600 264 11.
621 219 699 264 scer.
714 218 735 264 1.
912 209 952 268 48

97 359 137 420 Ut
152 361 246 420 minus
261 364 364 436 valeat,
379 375 408 424 et
422 367 507 426 miser
521 367 571 438 sis,

100 458 201 516 Salvos
215 460 331 518 domum
346 462 369 519 ri
384 463 504 523 rediero.
546 463 613 522 Jnm

100 555 228 632 Sequere
249 557 298 630 sis,
313 559 412 618 herum
433 559 483 637 qui
503 561 635 619 ludificas
648 560 734 618 dietis
748 560 893 619 delirumi·

219 655 288 713 bus:

99 748 163 812 Qui
186 752 321 828 quoniam
346 754 432 812 herus
455 755 533 832 quod
558 754 716 831 imperavit,
740 755 891 832 neglexisti

218 867 361 925 persequi,

100 941 130 1000 N
132 962 191 1001 uno
204 945 284 1002 venis
298 947 384 1005 etiam
399 948 473 1006 ultro
488 948 602 1009 irrisum
617 947 775 1006 dominum.
814 947 892 1009 Quae

219 1061 312 1118 neque
326 1044 386 1102 fieri
904 1045 937 1093 4⁰

101 1135 235 1210 Possunt,
250 1159 343 1215 neque
357 1142 444 1199 fando
457 1161 584 1219 unquam
599 1143 711 1220 ueeepit
731 1141 892 1218 quisquam,

220 1237 329 1311 profers
343 1239 488 1297 eamusex.

100 1331 218 1410 Quojuu
245 1352 300 1410 ego
324 1334 409 1392 hodie
433 1336 463 1392 in
487 1346 568 1413 tergo
595 1336 659 1394 saxo
683 1335 737 1394 ista
759 1333 894 1411 expetant

221 1431 404 1490 mendacia..
491 1475 497 1486 .

25 1579 26 1582 ,
101 1525 150 1584 So.
179 1525 363 1602 Amphitruo,
378 1528 538 1586 miserrima
558 1529 638 1588 istaeo
652 1527 767 1586 miseria
781 1537 825 1585 est
837 1545 894 1585 ser·

221 1642 257 1680 vo
271 1624 356 1696 bono,

4 1737 8 1754 ’
101 1719 192 1796 Apud
214 1720 314 1778 herum
336 1721 385 1796 qui
406 1739 473 1780 vera
495 1721 632 1797 loquitur,
647 1721 671 1779 si
694 1721 723 1778 id
743 1720 772 1778 vi
796 1739 893 1778 verum

221 1817 353 1876 vincitur.

101 1911 168 1971 Am.
192 1911 262 1974 Quo
283 1914 321 1985 id,
337 1915 451 1986 mulum,
472 1925 557 1990 paeto
576 1925 680 1991 potest,
694 1933 761 1972 uam
779 1931 893 1972 meeum

222 2011 395 2086 argumentis
409 2022 487 2087 putu,
906 2023 938 2071 45

101 2105 201 2166 Fient
221 2125 299 2164 nuno
315 2108 354 2164 uti
369 2118 400 2164 tu
415 2107 463 2164 hio
477 2107 517 2165 sis
530 2118 560 2165 et
573 2107 667 2165 domi:
690 2107 716 2164 id
733 2107 792 2164 diui
806 2107 879 2166 volo.

100 2203 150 2261 So.
172 2205 242 2262 Sum
257 2205 386 2279 profecto
400 2215 429 2262 et
444 2204 493 2263 hio
505 2216 534 2262 et
549 2204 617 2263 illio.
656 2203 724 2262 Hoo
738 2205 830 2262 cuivis
843 2205 895 2261 mi·

220 2301 276 2358 ruri
290 2302 366 2359 licet.

4 2419 5 2422 ¹
101 2395 207 2472 Neque
234 2398 286 2456 tibi
313 2398 389 2456 intuo
416 2397 520 2455 mirum
547 2398 638 2475 magis
662 2397 784 2470 videtur,
809 2416 893 2472 quam

221 2495 299 2554 mihi.

100 2591 167 2650 Am.
194 2591 265 2653 Quo
287 2593 392 2650 modot
432 2591 480 2650 So.
509 2590 622 2663 Nihilo,
643 2590 770 2667 inquam,
790 2590 894 2648 mirum

220 2690 312 2766 magis
325 2689 377 2748 tibi
392 2689 468 2748 intuo
481 2709 566 2764 quem
582 2689 660 2748 mihi.

100 2783 216 2861 Neque,
231 2785 270 2843 ita
292 2805 336 2844 me
357 2787 397 2844 dii
418 2797 524 2858 ament,
539 2785 691 2843 credebam
704 2784 798 2861 primo
811 2783 894 2840 mihi-

220 2893 279 2941 met
292 2883 393 2956 Sosiae‚
906 2884 939 2934 50

102 2979 206 3039 Donec
221 2981 314 3053 Sosia,
330 2981 377 3039 ille
391 2989 515 3058 egomet,
529 2979 597 3037 feeit
611 2978 666 3036 sibi
681 2978 723 3035 uti
737 2975 893 3034 crederem.
