2150 3386
138 239 194 300 us
426 250 618 298 ιιιιιιιιιιιιι
646 251 708 298 scr.
723 251 752 298 ν.

500 507 625 561 Aeros
641 507 676 560 V.

390 694 569 751 Srnonrnos.
601 693 787 751 chorrrnes.

231 885 277 946 St.
298 885 338 944 Dr
353 886 535 958 immortales,
549 886 653 962 quibus
665 897 696 944 et
708 886 823 963 quentis
836 905 884 944 me
897 887 986 946 dona·

309 984 347 1041 tis
360 984 483 1061 gaudiis,

190 1079 406 1142 Quadrilibrern
429 1080 522 1138 aulem
543 1099 614 1138 suro
633 1091 765 1138 onustam
785 1080 895 1138 habeo:
920 1081 986 1157 quis

310 1196 356 1235 me
370 1189 412 1234 est
426 1178 560 1234 divitior?

190 1272 268 1336 Quis
281 1293 328 1332 rne
339 1274 463 1331 Athenis
476 1293 554 1330 nuno
568 1273 659 1350 magis
666 1273 817 1349 qnisquam
829 1284 873 1331 est
885 1273 984 1362 horno,

309 1372 357 1428 oui
371 1370 401 1427 dt
415 1372 472 1428 sint
485 1371 621 1446 propitii?

190 1467 249 1544 Ly.
271 1467 360 1525 Certo
378 1469 456 1525 enirn
477 1486 533 1544 ego
552 1485 652 1526 rooern
668 1467 715 1524 hio
735 1467 879 1542 loquentis
897 1467 984 1526 modo

309 1581 355 1621 me
369 1563 468 1622 audire
481 1565 558 1620 risus
571 1582 644 1621 sum.
685 1562 730 1620 St.
752 1562 845 1620 Hem!

162 1659 341 1720 5Herumne
361 1679 416 1738 ego
437 1660 546 1736 espicio
566 1661 681 1717 meum't
732 1660 791 1736 Ly.
812 1658 908 1718 Video
928 1679 984 1738 ego

309 1759 387 1815 hune
401 1757 569 1828 Strobilum,
583 1776 694 1814 serrum
710 1758 825 1814 meum?

191 1853 236 1912 St.
257 1854 341 1930 Ipsus
360 1864 411 1912 est.
462 1854 522 1930 Ly.
544 1853 631 1910 Haud
653 1853 726 1912 alius
746 1863 797 1911 est
839 1853 884 1910 St.
906 1853 985 1912 Con·

308 1950 429 2027 grediar.
470 1950 529 2027 Ly.
550 1950 714 2007 Contollam
728 1950 857 2026 gradum.

191 2047 288 2106 Credo
308 2064 363 2124 ego
383 2045 473 2117 illurn,
489 2055 520 2103 ut
536 2046 619 2122 juni,
635 2065 750 2121 eampse
771 2065 856 2103 onum
878 2045 982 2117 odisse,

309 2142 394 2219 hujus
407 2142 550 2200 nutrioem
563 2142 689 2224 virginis.

191 2239 237 2298 St.
258 2238 341 2302 Quin
362 2259 417 2317 ego
438 2239 481 2297 illi
502 2258 548 2298 rne
567 2239 710 2297 invenisse
730 2239 798 2296 dieo
818 2238 892 2296 hano
913 2258 983 2316 pre·

309 2336 385 2408 dam,
401 2347 485 2412 atque
499 2336 638 2412 eloquor?

190 2431 283 2510 Igitur
302 2433 391 2490 orsbo
406 2444 437 2490 ut
457 2451 544 2490 ιιιιιιιιι
560 2450 605 2491 me
618 2431 719 2491 mittat
759 2431 813 2490 Ibo
827 2442 911 2508 etque
924 2433 983 2492 elo-

308 2548 387 2604 quar.

147 2638 178 2690 ιο
191 2623 327 2702 Repperi.
369 2626 427 2702 Ly.
444 2625 528 2687 Quid
539 2627 708 2702 repperrstrt
748 2629 792 2682 δι.
812 2624 893 2697 Non,
904 2625 980 2700 quod

307 2721 389 2795 pueri
403 2721 561 2791 clamitant,

189 2810 225 2871 In
249 2814 314 2871 fabri
338 2832 368 2870 se
392 2816 557 2889 repperisse.
608 2815 666 2891 Ly.
692 2815 795 2874 Jamne
820 2829 925 2888 autem,
949 2828 981 2877 ut

307 2907 391 2979 soles,
405 2907 537 2965 deludisr
