2138 3386
110 195 148 252 rt
325 207 522 255 rurrrurrmo
558 209 621 254 Aci.
637 208 668 254 rr.
688 208 764 254 ecus.
781 209 801 253 1.

169 351 280 412 Ordine
301 375 385 414 omne
406 357 448 413 uti
469 356 596 433 quidque
618 367 713 414 aetum
734 371 786 429 est,
801 359 870 415 dum
886 357 962 435 apud

287 453 382 510 hostes
396 454 532 524 sedimus,

169 547 374 608 Edissertavit:
407 559 469 608 'tum
502 551 620 608 formam
652 551 710 608 una
745 551 863 609 abstulit
893 569 962 609 eum

286 648 418 719 nomiue;

168 742 272 818 Neque
291 744 337 800 lae
357 744 427 802 laeti
447 745 538 822 magis
558 755 601 802 est
621 744 725 816 simile,
740 763 826 819 quam
843 743 890 801 ille
904 763 961 823 ego

286 839 387 896 similis
401 851 444 897 est
459 841 522 898 mei.

124 934 245 992 55Nam
266 947 296 993 ut
318 936 425 994 dudum
448 947 513 994 ante
532 937 627 994 lucem
649 955 665 994 a
684 946 768 1012 portu
783 954 829 994 me
849 936 962 1013 premi·

150 1042 151 1046 ’
285 1033 347 1090 sisti
362 1033 487 1091 domum.

166 1128 231 1188 Am.
259 1129 341 1192 Quid
365 1131 470 1208 igitur?
510 1130 559 1188 So.
587 1129 670 1187 Prius
691 1130 782 1188 multo
803 1139 868 1187 ante
888 1129 960 1188 redis

285 1228 393 1284 stabam
408 1247 492 1303 quam
508 1228 556 1285 ilio
571 1227 747 1285 adveneram.

166 1322 232 1381 Am.
259 1322 353 1396 Quas,
374 1324 490 1395 malum,
511 1325 618 1400 nugas!
644 1323 726 1381 satin’
749 1334 780 1381 tu
800 1341 887 1381 sanus
907 1325 960 1380 es't
1066 1375 1067 1384 ,

285 1419 332 1476 So.
362 1419 412 1476 Sio
426 1438 499 1490 sum,
515 1430 546 1475 ut
560 1418 646 1476 vides.

167 1515 231 1573 Am.
261 1515 340 1573 Huio
364 1515 472 1572 homini
500 1515 599 1572 nescio
622 1515 691 1590 quid
719 1525 762 1572 est
788 1515 854 1572 mali
881 1515 959 1574 mala

284 1613 426 1688 objectum
443 1631 538 1684 manu,

166 1709 321 1785 Postquam
343 1729 359 1766 a
380 1728 425 1766 me
447 1709 524 1766 abiit.
575 1709 622 1767 So.
651 1709 777 1766 Fateor:
806 1728 871 1766 nam
893 1727 958 1766 sum

284 1807 403 1862 obtusus
416 1806 520 1882 pugnis
535 1825 673 1882 pessume.

121 1903 232 1961 eoum.
259 1903 337 1965 Quis
357 1915 385 1960 te
403 1903 581 1960 verberavit?
620 1903 669 1960 So.
697 1902 821 1980 Egomet
841 1915 957 1977 memet,

283 2001 331 2075 qui
346 2018 424 2056 nuno
438 2019 500 2056 sum
515 1999 600 2057 domi.

164 2095 229 2155 Am
258 2097 335 2155 Cave
356 2097 519 2171 quicquam,
535 2096 590 2154 nisi
611 2096 687 2172 quod
709 2098 817 2174 rogabo
831 2108 868 2169 te,
884 2097 957 2156 mihi

282 2193 470 2269 responderis.

164 2289 302 2350 Omnium
331 2291 455 2366 primum
483 2289 536 2347 iste
563 2289 612 2366 qui
636 2291 673 2347 sit
699 2289 792 2362 Sosia,
818 2290 873 2348 hoo
897 2290 957 2350 diei

283 2388 355 2446 volo.

164 2484 212 2542 so.
239 2483 324 2542 Tuus
344 2493 387 2541 est
407 2501 513 2540 servus.
563 2482 627 2540 Am.
657 2481 732 2540 Mihi
756 2483 872 2558 quidem
897 2503 957 2541 uno

281 2591 309 2637 te
322 2581 386 2656 plus
399 2580 483 2637 etiam
499 2589 541 2637 est
554 2598 638 2656 quam
652 2579 734 2636 volo:

163 2677 267 2753 Neque
280 2689 429 2753 postquam
445 2695 508 2733 sum
522 2687 615 2747 natus,
628 2676 714 2733 habui
730 2676 785 2734 nisi
799 2687 829 2734 te
842 2697 957 2737 servum

282 2773 403 2831 Sosiam.

119 2867 151 2920 65
163 2869 209 2927 So.
238 2870 279 2927 At
292 2888 347 2944 ego
362 2888 449 2940 nuno,
465 2869 647 2945 Amphitruo,
662 2869 743 2940 dioo;
765 2869 878 2928 Sosiam
898 2888 957 2928 ser·

280 2984 345 3022 vum
359 2975 441 3022 tuum
