2150 3386
150 203 206 262 122
363 216 554 264 nununuuu.
583 220 644 265 ner.
659 217 702 262 111.
724 219 797 263 scm«.
813 218 834 262 n.

207 361 310 438 Neque
331 366 378 422 cui
400 385 453 443 ego
474 368 509 424 de
530 367 669 424 industrii
695 367 814 444 amplius
834 367 909 424 male
934 368 998 444 plus

325 463 425 519 lubens
440 463 533 521 faxim.

208 556 257 615 00.
279 556 330 615 Pol
352 559 405 616 etsi
426 570 531 632 taceas,
545 561 638 636 palam
660 561 689 617 id
704 561 819 635 quidem
840 570 892 618 est.
935 561 998 620 Res

325 655 386 730 ipsa
399 657 479 714 testis
493 666 544 714 est.
1058 639 1059 644 Ἰ

207 749 251 808 Ita
265 751 385 808 fustibus
399 771 461 810 sum
477 753 587 810 mollior
608 753 692 810 miser
707 753 807 829 inagis,
821 772 907 828 quam
922 754 998 812 ullus

325 849 460 906 cinaedus.

208 941 266 1001 Sed
288 945 356 1018 quid
382 945 433 1001 tibi
458 963 521 1016 nos,
546 945 679 1002 mendice
701 945 798 1016 homo,
822 945 912 1002 tactio
935 947 998 1002 estt

325 1060 387 1114 quae
403 1043 467 1098 rest

165 1143 194 1193 10
207 1137 266 1196 Eu.
288 1137 383 1194 Etiam
399 1139 523 1214 rogitas?
544 1157 579 1195 an
594 1137 661 1212 quia
675 1137 769 1196 minus
782 1155 866 1212 quein
885 1157 997 1214 aequom

326 1244 386 1290 erat
400 1234 475 1290 fecit

210 1329 257 1388 C'o.
279 1330 357 1387 Sine.
407 1330 447 1387 At
468 1329 563 1387 hercle
584 1348 651 1386 eum
671 1329 746 1386 malo
767 1347 871 1406 magno
891 1339 952 1402 tuo,
973 1329 997 1387 si

324 1427 380 1482 huc
394 1436 480 1503 eaput
493 1426 587 1483 sentit.

208 1522 267 1580 Eu.
289 1522 340 1579 Pol
355 1542 409 1598 ego
424 1521 498 1579 haud
513 1522 574 1578 seio
588 1521 657 1597 quid
670 1531 734 1596 post
748 1521 805 1593 fiat,
821 1531 903 1578 tuum
920 1541 998 1580 nune

325 1630 410 1693 caput
424 1617 516 1675 sentit.
549 1654 552 1663 ι

209 1717 267 1774 Sed
282 1716 311 1772 in
326 1715 434 1772 aedibus
448 1714 517 1788 quid
531 1713 583 1772 tibi
596 1714 734 1772 meisnam
748 1722 809 1770 erat
823 1714 943 1790 negotii,

209 1812 259 1870 Me
274 1812 398 1882 absente,
413 1810 468 1867 nisi
489 1829 543 1887 ego
560 1809 721 1885 jusseram?
742 1811 806 1866 volo
820 1810 903 1867 seire.
947 1811 996 1870 Ue.

328 1907 410 1964 Tace
424 1924 500 1983 ergo.

166 2006 196 2054 15
207 2004 289 2066 Quia
311 2004 440 2060 venimus
463 2011 580 2059 coetum
603 2001 638 2058 ad
661 2001 784 2076 nuptiae.
833 2000 893 2059 Eu.
914 2001 999 2064 Quid

326 2110 367 2170 tu,
383 2099 497 2169 malum,
512 2115 595 2155 ouras

208 2197 309 2255 Utrum
331 2197 451 2252 crudum
466 2215 500 2252 un
516 2204 630 2252 coetum
651 2193 744 2264 edim3
765 2194 822 2251 nisi
835 2204 866 2251 tu
881 2195 1000 2255 mihies

268 2339 271 2344 ,
325 2294 421 2349 tutor?

211 2388 259 2446 00.
281 2388 357 2445 Volo
376 2389 460 2460 seire,
475 2387 550 2446 sinus
571 2406 607 2446 an
626 2405 684 2444 non
705 2386 782 2444 sinas
801 2405 854 2444 nos
872 2406 999 2463 coquere

328 2483 375 2540 htc
389 2485 520 2542 eoenamt

209 2581 269 2640 Eu.
290 2581 365 2638 Volo
379 2581 452 2638 seire
467 2581 535 2638 item
549 2598 613 2658 ego,
628 2597 699 2637 meae
713 2579 791 2638 domi
804 2598 906 2638 meane
919 2581 1000 2639 salva

327 2675 439 2733 futurat

212 2771 260 2829 00.
281 2770 396 2828 Utinam
411 2788 474 2827 mea
488 2771 558 2828 mihi
572 2772 657 2828 modo
676 2771 811 2844 auserem,
826 2791 888 2847 quae
903 2773 996 2846 attuli,

327 2865 418 2921 salva!
