2150 3386
142 217 198 279 mo
356 227 547 275 nnnnnnnrn.
576 230 637 275 nce.
652 229 695 274 111.
716 229 790 275 son«.
804 229 827 275 o.

198 376 274 436 Cum
288 378 364 436 senie
379 379 518 450 manibus,
533 397 638 456 genere
651 379 855 454 Geryonaceo:

197 475 283 550 Quos
296 475 320 532 ei
335 475 431 552 Argus
445 485 546 545 servet,
561 475 609 550 qui
623 476 741 533 oculeus
756 487 830 534 totus
845 475 912 549 snit,

154 581 186 632 m
197 570 296 635 Quem
309 571 452 646 quondam
467 571 531 628 Ioni
545 569 624 629 Juno
637 572 786 629 custodem
800 572 924 645 addidit,

198 666 228 724 Is
241 686 385 742 nunquam
400 677 501 726 servet.
542 668 683 726 Praetereo
697 668 855 741 tibicinam,

197 762 274 825 Quae
288 764 358 822 mibi
372 764 543 822 interbibere
557 766 626 837 sola,
641 765 665 821 si
679 765 746 822 vino
760 775 859 836 scatet,

198 859 428 919 Corinthiensem
444 861 548 919 sontem
564 861 695 919 Pirenem
709 871 809 936 potest

198 955 276 1014 Tum
290 957 440 1015 obsonium
456 957 566 1016 autem!
607 957 663 1016 Me.
686 957 738 1015 Pol
754 959 796 1016 vel
817 957 927 1036 legioni
948 969 992 1017 eat

314 1063 366 1112 est.

154 1156 186 1206 25
198 1150 293 1210 Etiam
309 1169 413 1227 agnum
427 1150 500 1209 miei.
542 1150 601 1209 Eu.
622 1150 693 1213 Quo
715 1152 829 1227 quidem
845 1169 933 1230 agno,
948 1161 992 1210 set

315 1247 386 1318 seio,

199 1341 294 1421 Magis
308 1344 450 1401 ourioenm
463 1363 603 1420 nusquam
617 1361 679 1402 esse
693 1343 780 1401 ullam
795 1344 930 1403 belluam.

198 1439 255 1498 Me.
277 1441 352 1498 Volo
366 1459 420 1518 ego
434 1459 469 1498 ex
482 1450 511 1498 te
524 1441 598 1498 seire
613 1441 661 1515 qui
675 1441 712 1498 sit
727 1459 817 1518 agnus
831 1441 922 1500 eurio.

199 1535 259 1596 Eu.
279 1537 342 1599 Qui
366 1555 430 1594 ossa
457 1548 540 1614 atque
565 1537 647 1614 pellis
673 1549 750 1594 totus
776 1549 828 1609 est,
852 1538 893 1596 ita
919 1555 991 1597 euro

318 1642 419 1691 meoet.

198 1730 281 1794 Quin
296 1743 360 1788 exte
373 1730 514 1806 inspicere
529 1729 558 1787 in
573 1728 641 1787 Sole
654 1729 739 1787 etiam
754 1729 818 1788 vivo
831 1730 909 1803 lieet,

156 1826 186 1878 ³⁰
200 1827 245 1886 Ita
258 1828 282 1884 ie
296 1828 419 1903 pellucet
433 1827 513 1901 quasi
527 1827 636 1884 laterna
649 1826 768 1884 Punica.

200 1923 256 1982 Me.
277 1923 457 1981 Caedundum
478 1922 556 1979 illum
578 1941 632 1999 ego
652 1922 785 1980 conduxi.
826 1922 887 1981 Eu.
908 1921 991 1982 Tum

317 2031 348 2077 tu
363 2019 437 2077 idem
452 2031 598 2094 optumum
613 2029 656 2077 est

201 2116 295 2174 Looes
309 2116 501 2174 efferendum:
522 2135 588 2173 nam
600 2115 668 2192 jam,
684 2116 780 2187 oredo,
796 2127 924 2175 mortuus
937 2128 989 2176 est.

200 2213 257 2272 Me.
279 2213 381 2272 Potare
395 2232 449 2290 ego
464 2212 557 2284 hodie,
572 2212 686 2284 Euclio,
700 2223 796 2270 tecum
811 2214 882 2271 volo.
934 2253 938 2262 -

202 2310 261 2369 Eu.
290 2309 358 2368 Non
382 2321 478 2386 potem
501 2327 556 2388 ego
579 2310 694 2385 quidem
718 2310 822 2368 herole.
863 2309 921 2369 Me.
950 2311 991 2370 Ar

319 2425 374 2484 ego
384 2407 495 2483 jussero

158 2507 190 2557 ³5
203 2503 314 2563 Cedum
329 2521 417 2561 unum
431 2503 489 2561 vini
503 2503 605 2562 veteris
619 2523 636 2562 a
649 2523 695 2562 me
709 2504 842 2563 offerrier.

203 2599 263 2660 Eu.
292 2599 371 2658 Nolo
395 2601 504 2658 berete:
534 2619 599 2658 nam
627 2601 696 2658 mihi
718 2601 816 2660 bibere
843 2601 992 2660 decretum

320 2707 362 2754 est
384 2679 492 2771 aqoem.

203 2791 259 2850 Me.
288 2790 352 2868 Ego
375 2801 404 2848 te
425 2791 509 2848 bodie
529 2792 644 2850 reddam
666 2792 820 2865 madidum,
842 2794 892 2852 eed
911 2793 991 2867 vino,

318 2886 416 2962 probe,
