2138 3386
131 205 187 265 100
353 215 551 262 susurrum.
581 217 644 262 aar.
658 216 678 262 1.
698 216 774 262 scer.
791 215 811 261 1.

187 362 319 442 Digitum
340 375 530 423 transversum
554 377 602 424 aut
623 384 750 443 unguem
772 366 860 423 latum
882 383 985 423 eroes

303 463 383 535 seris,

186 558 247 614 Aut
260 558 284 615 si
299 560 433 635 respexis,
448 559 584 617 donicum
598 577 653 635 ego
667 569 695 617 te
705 559 825 635 jussero,

141 655 174 704 2⁰
187 653 333 713 Continuo
348 657 444 714 hercle
458 675 512 734 ego
525 668 554 715 te
567 656 669 714 dedam
683 656 851 732 discipulam
867 655 960 714 oruoi.

187 751 389 810 Scelestiorem
405 772 449 810 me
463 753 518 810 hae
532 772 588 810 anu
602 764 680 810 oerte
694 752 775 809 scio·

186 846 301 907 Vidisse
328 868 488 926 nunquam:
521 849 664 924 nimisque
689 867 743 926 ego
775 848 850 906 hano
878 859 980 908 metuo

304 946 387 1018 male,

184 1039 232 1098 Ne
246 1041 315 1099 mihi
329 1062 365 1100 ex
378 1042 489 1100 insidiis
502 1042 588 1100 verba
602 1042 773 1118 imprudenti
788 1042 858 1113 duit,

185 1137 250 1195 Nou
265 1140 462 1214 persentiscat,
477 1159 578 1197 aurum
592 1140 640 1196 ubi
654 1150 698 1197 est
712 1139 927 1198 absconditum:

139 1240 171 1290 25
183 1232 259 1295 Quae
274 1235 303 1292 in
318 1236 454 1312 occipitio
468 1255 580 1312 quoque
594 1236 680 1293 habet
692 1235 802 1301 oculos.
816 1254 959 1312 pessuma.

183 1329 272 1387 Nuno
288 1331 335 1389 ibo
350 1344 381 1390 ut
394 1333 493 1405 visam,
508 1343 601 1391 estne
616 1333 655 1390 ita
670 1352 768 1390 aurum
784 1343 815 1389 ut
828 1331 957 1404 condidi,

181 1425 272 1488 Quod
288 1447 333 1485 me
346 1429 482 1488 sollicitat
494 1429 623 1506 plurimis
637 1429 770 1486 miserum
787 1428 886 1490 modis.

182 1523 227 1581 St.
249 1524 315 1582 Neo
329 1545 407 1582 nuno
422 1537 560 1584 mecastor
571 1526 639 1601 quid
651 1527 720 1584 hero
734 1544 788 1603 ego
802 1525 896 1582 dicam
910 1543 978 1584 meo

183 1621 268 1682 Mala
282 1622 324 1681 rei
338 1623 475 1694 evenisse,
490 1642 609 1699 quamve
624 1622 773 1693 insaniam,

137 1737 169 1786 30
181 1720 270 1783 Queo
290 1720 488 1779 comminisci:
510 1720 549 1777 ita
562 1720 693 1776 miseram
709 1738 754 1777 me
769 1719 803 1776 ad
818 1719 896 1776 huno
916 1737 978 1777 mo-

299 1818 368 1874 dum

182 1913 288 1972 Deoies
301 1915 348 1971 die
363 1931 421 1971 uno
434 1931 508 1988 saepe
522 1913 646 1970 extrudit
660 1912 776 1970 adibus.

181 2010 292 2070 Nescio
311 2012 358 2086 pol
379 2030 442 2087 quse
462 2010 552 2068 iiluno
572 2010 717 2068 hominem
739 2007 915 2085 intemperiae
936 2019 978 2068 te-

299 2118 384 2177 nent;

182 2203 336 2280 Pervigilat
349 2213 449 2262 nostes
462 2213 552 2262 totas:
573 2213 633 2260 tum
649 2214 742 2262 autem
758 2203 897 2262 interdius

180 2299 276 2361 Quasi
291 2300 410 2358 olaudus
424 2311 502 2357 sutor
517 2300 594 2358 domi
608 2300 688 2358 sedet
702 2310 777 2358 totos
791 2301 860 2357 dies.

137 2405 170 2458 ³5
182 2395 287 2472 Neque
298 2397 356 2474 jum
370 2415 428 2472 quo
440 2407 526 2473 puoto
540 2396 630 2454 oelem
646 2397 743 2454 herilis
757 2397 822 2454 filim

182 2494 333 2565 Probrum,
348 2493 506 2570 propinqua
519 2493 662 2568 partitudo
676 2494 724 2551 oui
739 2493 854 2570 appetit,

180 2590 269 2652 Queo
293 2590 490 2648 cornminisoi:
519 2607 612 2665 neque
634 2591 785 2666 quicquam
807 2590 911 2650 melius
931 2603 975 2650 est

299 2688 379 2759 mihi,

181 2782 221 2840 Ut
234 2783 345 2858 opinor,
360 2801 443 2858 quam
458 2801 493 2840 en
507 2801 552 2839 me
566 2793 598 2840 ut
612 2803 697 2840 unam
713 2784 814 2842 faciam
829 2784 941 2842 literam

183 2878 322 2956 Longam,
331 2897 425 2936 meum
435 2878 536 2953 laqueo
545 2879 650 2938 sollum
662 2881 775 2956 quando
786 2880 974 2940 obstrinxoro.
