2138 3386
119 243 157 304 32
335 261 538 306 ιιιιιιιτιιυο.
568 261 630 306 scr.
646 259 664 306 1.
685 261 762 306 sens.
778 261 789 306 1

178 405 235 464 Sed
250 408 317 482 quid
334 409 385 480 eis,
396 409 463 484 quid
474 409 679 485 Amphitruoni
694 409 856 468 aTelebois
870 411 969 468 datum

294 506 356 562 esti

176 600 233 659 Me.
261 601 373 659 Pterela
392 621 442 659 rex
462 601 512 678 qui
533 602 654 678 potitare
676 603 776 660 solitus
796 612 849 675 est,
869 612 968 679 patere

295 718 388 756 aurea.

176 795 223 852 So.
247 795 386 852 Elocutus
399 806 449 853 est.
477 793 534 853 Ubi
548 806 646 871 putere
659 815 737 853 nuuc
751 797 813 854 esti
853 795 909 854 Me.
931 795 966 855 In

294 892 397 949 oistuld

116 989 396 1064 &Amphitruonis
419 988 568 1064 obsignate
591 988 674 1066 signo
700 999 752 1046 est.
804 989 851 1046 So.
881 987 966 1066 Signi

294 1085 341 1142 dio
356 1085 423 1160 quid
438 1087 499 1142 esti

175 1181 232 1240 Me.
260 1181 335 1238 Cum
363 1181 509 1258 quadrigis
536 1181 584 1238 Sol
616 1181 755 1240 exoriens.
809 1181 892 1243 Quid
918 1199 966 1242 me

293 1289 399 1353 captus,
421 1279 577 1336 oarnusexi

175 1375 224 1432 So.
253 1375 440 1450 Argumentis
464 1375 571 1431 vincit:
603 1374 679 1432 aliud
706 1393 810 1432 nomen
838 1393 966 1449 quaeren·

293 1472 338 1527 du’
355 1483 397 1528 est
412 1471 489 1529 mihi.

175 1567 285 1625 Nescio
306 1568 381 1624 unde
402 1567 463 1624 haeo
483 1567 531 1624 hio
551 1567 696 1642 spectavit.
738 1566 804 1624 Jum
817 1586 872 1644 ego
886 1567 964 1626 huno

292 1664 432 1739 decipiam
447 1665 552 1739 probe:

175 1759 252 1817 Nam
267 1761 342 1836 quod
357 1771 469 1837 egomet
487 1761 564 1818 solus
578 1759 643 1830 ieci,
659 1779 713 1817 neo
727 1760 875 1835 quisquam
892 1759 963 1819 nlius

294 1857 373 1914 affuit

116 1961 162 2010 270
174 1952 209 2010 In
223 1953 417 2026 tabernaculo,
429 1953 457 2010 id
472 1953 586 2028 quidem
601 1952 686 2010 hodie
701 1971 844 2027 nunquam
859 1951 964 2029 poterii
1063 1977 1064 2026 3

292 2050 397 2107 dicere.

175 2147 206 2204 Si
222 2155 252 2202 tu
264 2146 348 2202 Sosie
358 2164 398 2215 es,
409 2145 537 2221 legiones
547 2163 632 2221 quom
643 2146 810 2222 pugnabant
820 2164 962 2218 maxume,

172 2242 255 2304 Quid
271 2243 298 2299 in
313 2241 498 2298 tabernaculo
513 2241 625 2299 iecisti?
646 2242 740 2299 victus
760 2261 833 2314 sum,
848 2242 872 2299 si
886 2242 964 2300 dixe·

292 2339 338 2394 ris.

174 2435 230 2492 Me.
255 2434 353 2491 Cadus
363 2443 424 2491 eret
435 2432 492 2490 vini
503 2453 509 2490 :
532 2433 598 2491 inde
609 2433 723 2510 implevi
734 2434 871 2493 hirneam.
913 2435 963 2494 So.

291 2528 464 2606 Ingressu'st
478 2530 560 2588 viem.

172 2626 230 2685 Me.
257 2625 329 2683 Eam
344 2645 408 2702 ego,
424 2636 455 2682 ut
470 2637 558 2684 matre
573 2626 664 2684 fuerat
681 2636 790 2697 natum,
804 2627 863 2684 vini
877 2627 963 2685 eduxi
1063 2633 1064 2688 3

290 2723 370 2781 meri.

113 2829 161 2878 275
173 2821 220 2878 So.
250 2819 327 2877 Mira
347 2830 422 2892 sunt,
437 2820 492 2877 nisi
513 2819 597 2877 latuit
618 2820 694 2878 intus
707 2819 769 2877 illio
783 2819 812 2877 in
828 2819 894 2878 iliao
908 2818 967 2878 hir·
1063 2803 1064 2812 ἵ

289 2917 353 2973 nori.
