2150 3386
253 212 449 283 'susurrum
478 215 540 260 scr.
555 213 596 258 rv.
617 214 692 260 sess.
708 215 742 260 ιο.
896 202 953 272 14³

101 359 161 436 Ly.
177 360 280 418 Fateor
290 363 464 438 peccavisse,
473 373 502 420 et
512 381 558 420 mc
569 363 681 438 cuipam
693 372 893 420 commeritum

220 458 288 516 scic.

102 551 137 608 Id
159 553 230 610 adeo
250 565 277 612 te
297 565 408 612 oratum
433 555 563 628 advenio,
583 565 614 613 ut
635 555 730 613 animo
750 574 832 631 aequo
852 553 893 634 ig-

221 669 323 708 noscas
343 652 422 709 mihi.

102 745 163 804 Eu.
185 745 245 804 Cur
261 747 289 804 id
310 767 395 804 ausus
417 748 520 820 facere,
535 758 567 806 ut
587 748 616 805 id
637 748 711 825 quod
732 766 791 806 non
811 756 892 804 tuum

219 853 293 902 esset
307 847 458 920 tangeres?
906 838 936 888 ¹⁰

101 939 160 1015 Ly.
181 938 263 1002 Quid
278 941 319 997 vis
339 941 420 998 fierii
441 941 547 998 sactum
568 952 612 998 est
632 940 710 998 illud.
752 942 830 1000 Fieri
851 943 893 1002 in·

220 1036 325 1093 fectum
340 1056 397 1093 non
411 1048 514 1113 potest.

101 1131 181 1190 Deos
201 1133 288 1190 credo
301 1133 440 1191 voluisse:
461 1153 528 1190 nam
548 1133 579 1191 ni
593 1134 706 1206 vellem,
721 1154 780 1194 non
801 1136 891 1210 fieret,

220 1230 289 1287 scio.
819 1305 825 1316 ι

101 1323 161 1382 Eu.
184 1325 225 1382 At
242 1344 296 1402 ego
319 1325 388 1384 deos
409 1326 496 1383 credo
510 1325 642 1398 voluisse,
657 1337 689 1385 ut
709 1328 784 1404 apud
797 1340 826 1387 te
847 1347 892 1388 me

220 1425 248 1481 in
264 1443 351 1482 nervo
364 1425 485 1482 enicem.

100 1520 159 1598 Ly.
181 1517 229 1578 Ne
242 1521 316 1578 istuc
330 1521 411 1578 dixis.
454 1521 513 1579 Eu.
534 1520 616 1584 Quid
636 1522 689 1579 tibi
710 1541 779 1601 ergo
798 1542 892 1582 meum

219 1636 264 1675 me
279 1618 367 1675 invito
382 1619 470 1676 tactio
483 1620 546 1676 esti

101 1714 159 1790 Ly.
187 1713 268 1777 Quia
294 1715 352 1772 vini
380 1715 450 1772 virio
478 1726 562 1790 atquc
589 1715 693 1772 amoris
721 1715 785 1774 feci.
829 1716 890 1776 Eu.

218 1810 315 1868 Homo
337 1811 544 1882 audacissume,
904 1804 935 1855 ¹5

100 1907 177 1965 Cum
192 1907 302 1966 istacin'
319 1919 346 1965 te
360 1909 490 1966 oratione
504 1909 562 1964 huc
577 1907 612 1964 ad
626 1926 673 1965 me
687 1907 765 1966 adire
779 1927 890 1982 ausum,

84 1989 87 1996 ⁴
218 2004 387 2080 impudens?

99 2099 129 2157 N
132 2118 177 2158 am
191 2099 215 2157 si
229 2099 303 2156 istuc
314 2100 361 2176 jus
374 2110 426 2174 est,
442 2109 474 2156 ut
487 2110 517 2156 tu
533 2099 608 2158 istuc
621 2118 758 2157 excusare
771 2099 890 2176 possies,

100 2195 181 2253 Luce
195 2196 273 2253 claro
287 2196 459 2272 deripiamus
474 2215 574 2253 aurum
589 2197 725 2254 matronis
738 2197 847 2272 palsm;

100 2291 170 2349 Post
183 2291 222 2363 id,
237 2291 261 2349 si
274 2293 405 2368 prehensi
420 2311 529 2364 sumus,
544 2310 723 2363 excusemus,
737 2293 833 2350 ebrios

98 2387 164 2446 Nos
182 2388 284 2446 fecisse
299 2389 402 2445 amoris
422 2389 518 2446 causd.
559 2387 656 2446 Nimis
669 2388 724 2446 vile
738 2390 773 2446 ’st
793 2389 891 2448 vinum

220 2495 303 2560 atque
318 2504 405 2556 emor,
902 2495 931 2545 w

99 2582 132 2640 Si
144 2580 224 2639 ebrio
239 2591 322 2656 atque
336 2581 439 2640 amenti
452 2582 568 2658 impune
582 2580 685 2653 facere,
697 2581 773 2656 quod
784 2581 890 2654 lubeat,

219 2677 294 2735 licet.

99 2775 159 2852 Ly.
180 2773 262 2837 Quin
277 2774 330 2832 tibi
344 2774 419 2831 uitro
433 2773 623 2851 supplicatum
636 2773 721 2832 venio
741 2772 786 2852 ob*
799 2771 891 2830 stulti·

218 2881 286 2928 trum
300 2888 403 2930 meam.
