2138 3386
121 169 162 226 80
379 181 582 228 AMPHITRUO.
611 181 763 226 Sursosm.

137 336 169 384 70
182 328 319 387 Maxuma
332 331 493 388 memorauit
506 329 598 387 miro:
612 329 815 406 praestigiator
821 327 905 404 forte
924 337 978 388 out

299 426 434 502 veneficus

183 523 272 580 Hanc
292 531 424 581 excantat
444 523 498 579 tibi
510 521 667 598 familiam.
709 521 827 598 Inquiro
848 521 977 595 aliunde,

299 621 362 678 vide
376 620 448 698 quid
458 621 519 678 siet.

185 717 244 776 Nec
259 717 409 775 antelmus
424 717 610 776 excruciatum
624 717 751 774 miserum
761 715 876 792 facias,
890 736 978 795 quma

301 835 357 872 rem
371 815 527 890 intellegas.

185 912 251 968 Am.
280 911 370 968 Recte
396 930 504 968 mones:
534 930 637 982 eamus,
665 919 692 969 te
719 910 867 968 advorsum
893 909 978 968 uxori

302 1008 385 1065 etiam
399 1008 564 1068 mutuum
578 1009 645 1066 uolo.

225 1234 381 1293 laromam.
411 1236 604 1294 Anemunoo.
634 1237 732 1294 Sosm.
761 1236 936 1294 Buoenuno.

186 1392 233 1450 lu.
253 1392 328 1460 Quis
343 1401 399 1448 tam
414 1401 493 1450 vasto
513 1394 676 1470 impetebas
688 1393 784 1470 foreis
801 1403 857 1452 toto
871 1395 979 1452 convol-
1056 1403 1057 1412 ’

305 1490 343 1545 sit
358 1489 494 1547 cardine?

189 1585 266 1654 Quis
287 1594 352 1642 ante
373 1586 454 1643 adeis
476 1595 573 1644 tantas
594 1587 702 1644 tamdiu
717 1587 815 1644 turbas
830 1589 977 1645 concitat?

306 1702 383 1758 quem
397 1683 423 1739 si
436 1703 599 1759 comperero,

193 1779 317 1837 Telebois
339 1779 513 1856 sacruficabo
532 1780 668 1838 ntanibus.
709 1779 798 1837 Nileil
808 1788 858 1852 est,
872 1788 906 1837 ut
919 1781 979 1839 elici

304 1878 381 1947 solet,
861 1921 863 1926 -

192 1972 280 2041 Quod
299 1973 377 2030 leodic
397 1973 461 2030 bene
482 1973 612 2030 succedat
635 1974 711 2031 ntilti.
763 1973 888 2031 Deserui
910 1973 980 2032 Ble-

303 2071 465 2145 plaronem
480 2077 506 2126 et
521 2069 641 2142 Sosiam,

160 2171 177 2220 5
196 2165 233 2223 Ut
254 2174 402 2239 cognatum
424 2165 598 2223 Naucratem
619 2167 808 2224 convenirem:
831 2167 904 2224 hune
925 2187 979 2225 non

308 2263 408 2336 reperi,
424 2269 450 2318 et
463 2263 524 2319 illos
536 2262 660 2338 perdidi.

191 2358 250 2416 sea
268 2379 310 2416 eos
331 2358 428 2415 uideo:
448 2358 493 2415 ibo
514 2358 719 2430 advorsum‚ut
738 2359 848 2437 siquid
866 2360 979 2431 liabent,

309 2455 443 2512 sciscitor.
486 2457 533 2513 So.
555 2455 711 2532 Blepharo,
726 2457 786 2514 illic
800 2458 850 2534 qui

191 2552 240 2609 Ec
251 2552 366 2622 adibus,
379 2553 460 2610 locrus
471 2561 522 2623 est,
533 2552 578 2609 oie
589 2573 652 2610 vero
663 2553 805 2630 senefiam.
838 2553 882 2610 Bl.
897 2553 980 2612 Prole
1056 2615 1057 2626 ¹

308 2649 453 2724 Iuppiter,

195 2745 279 2814 Quid
297 2745 428 2802 intueor?
454 2745 499 2802 tte
519 2765 573 2804 non
593 2755 644 2818 est,
665 2746 715 2805 sed
732 2747 780 2806 ille
799 2745 978 2823 Amphitruo.

309 2843 381 2901 Istic
396 2842 422 2898 si
426 2840 512 2919 fuat,
