2138 3386
149 215 190 272 26
216 261 219 268 Δ
367 226 570 274 AMPlll'l'llUO.
600 227 662 272 Aes.
677 225 696 274 1.
718 227 795 274 Scen.
811 226 831 272 1.

208 372 319 432 Nescio
338 394 423 451 quem
444 376 522 452 loqui
544 385 687 434 autumat:
709 375 780 434 mihi
801 386 881 434 certo
894 394 998 436 nomen

326 473 409 530 Sosis
422 485 473 532 est.

206 567 263 627 Me.
292 568 372 628 Hinc
391 571 468 628 enim
489 570 559 629 mihi
579 570 695 628 dextere
709 589 764 628 vox
778 568 864 642 auris,
879 581 911 628 ut
924 570 999 629 vide-

324 679 379 738 tur,
395 669 531 726 verberet.

205 762 254 820 Sc.
283 762 385 832 Metuo
399 765 477 822 vocis
490 783 527 822 ne
540 764 604 822 vice
617 763 703 830 hodie
717 763 765 822 hic
779 764 920 840 vapulem,
934 784 997 841 quo

324 860 401 917 hunc
415 861 551 919 verberet.

204 956 262 1016 He.
290 955 415 1032 Optume
429 975 531 1015 eccum
545 957 654 1016 incedit
668 957 768 1026 adme.
803 957 852 1014 So.
873 956 996 1016 Timeo:

322 1063 398 1111 totus
413 1064 519 1129 torpeo.

146 1152 191 1202 18⁰
204 1149 273 1208 Non
293 1150 394 1226 edepol
415 1169 493 1208 nunc
514 1151 563 1210 ubi
577 1161 716 1210 terrarum
738 1150 878 1223 simonio,
893 1151 996 1228 siquis

321 1257 419 1324 roget:

202 1342 307 1419 Neque
327 1344 412 1401 miser
434 1363 479 1402 me
499 1361 679 1402 commovere
698 1363 814 1420 possum
827 1363 885 1420 prae
900 1345 996 1404 sormi-

320 1440 397 1498 dine.

201 1536 295 1607 Ilicet,
311 1537 443 1595 mandate
457 1537 518 1596 heri
530 1537 687 1613 perierunt,
702 1537 759 1594 uni
774 1549 802 1596 et
816 1538 907 1596 Sosis.

201 1633 310 1692 Verum
331 1635 449 1691 certu'st
469 1635 645 1692 confidenter
664 1633 809 1692 hominem
822 1646 923 1693 contre
936 1636 995 1693 col·

318 1730 407 1806 loqui,

200 1827 291 1904 Igitur
312 1827 361 1903 qul
380 1828 488 1904 possim
502 1827 592 1886 videri
612 1827 682 1885 huic
703 1828 794 1900 sortis,
810 1847 826 1885 a
840 1847 885 1886 me
899 1839 932 1886 ut
946 1830 995 1890 ab·

318 1925 421 1983 stinest
436 1943 558 1982 manum.

84 2084 91 2102 x
140 2019 256 2079 18⁵Me.
283 2021 354 2082 Quo
377 2021 505 2078 ambulas
527 2031 568 2092 tu,
590 2021 639 2096 qui
662 2021 826 2080 Vulcanum
849 2021 878 2079 in
901 2041 993 2082 cornu
1062 2005 1063 2016 ἵ

318 2117 486 2175 conclusum
500 2117 595 2194 gerisl

195 2214 246 2272 Sc.
273 2213 364 2275 Quid·
377 2213 406 2271 id
427 2214 552 2288 exquiris
571 2224 613 2286 tu,
628 2215 677 2291 qui
698 2215 804 2293 pugnis
823 2235 856 2274 os
876 2235 993 2274 exossas

316 2310 499 2368 hominibusi

196 2407 255 2467 Hm.
280 2409 387 2466 Servos
407 2426 485 2479 esne,
500 2427 535 2466 nn
550 2408 642 2468 liberl
683 2409 729 2468 Sc.
757 2409 911 2486 Utcunque
933 2413 994 2468 nni-

315 2523 363 2562 mo
377 2504 536 2563 collibitum
551 2516 594 2564 est
607 2525 681 2564 meo.
1062 2505 1063 2576 ᾗ

197 2601 254 2661 Me.
279 2602 447 2660 Ain’verol
488 2601 536 2660 So.
561 2602 620 2661 Aio
633 2604 796 2663 enimvero.
837 2604 894 2662 Me.
920 2605 992 2662 Ver-

270 2690 273 2695 *
317 2699 393 2757 bero.
435 2699 483 2758 So.
511 2698 645 2758 Mentiris
658 2720 737 2759 nunc
754 2700 848 2783 [jam].

197 2795 255 2855 Me.
283 2796 324 2854 At
340 2796 399 2873 jem
420 2795 522 2854 luciam
538 2806 569 2855 ut
582 2815 679 2854 verum
700 2797 780 2856 dices
793 2798 898 2856 dicere.
941 2797 991 2856 Sc·

314 2891 396 2953 Quid
411 2911 446 2950 eo
459 2903 502 2950 est
515 2894 606 2968 opust

1062 2723 1063 2814 l
