2138 3386
300 206 502 252 AMPHITRUO.
531 207 683 254 Suessam.
901 199 940 255 79

95 355 181 414 Tecta
203 355 340 414 exclusum
358 352 487 432 faribus,
510 376 551 414 me
573 355 736 414 deturbavit
763 353 881 414 adibus.

209 454 258 510 So.
279 452 404 528 Egone?

90 550 156 610 Am.
184 550 238 608 Tu.
283 550 366 618 Quid
384 551 536 608 minitabas
552 558 579 608 te
590 548 754 627 facturum,
768 549 794 607 si
807 549 880 608 istas

205 648 371 724 pepulissem
376 647 483 724 fares?

89 744 201 822 Negas,
223 745 358 802 sceleste?
412 745 470 814 So,
485 743 574 812 Quin.
594 748 713 820 negem?
742 763 775 802 ea
798 744 878 803 testis

209 843 348 918 ampliter,
363 841 476 918 quicum
489 842 586 899 ueuiu:

90 937 199 996 ffissus
220 938 323 1009 sedulo,
337 946 370 994 ut
389 937 430 995 ad
447 946 474 996 te
492 946 619 996 uocatum
637 937 770 996 ducerem.
812 937 879 995 Am.

212 1034 287 1102 Quis
302 1043 328 1092 te
342 1035 453 1106 misit,
515 1083 522 1098 ,

89 1129 251 1207 Furcifer?
303 1132 351 1188 So.
376 1131 439 1199 Qui
458 1152 498 1190 me
518 1140 612 1206 rogat.
664 1132 731 1189 Am.
756 1129 881 1199 Quando

205 1229 354 1302 gentium?
385 1230 433 1286 So.
451 1228 579 1298 Dudum,
585 1227 651 1304 jam
659 1229 781 1304 pridem,
793 1227 880 1298 macla,
893 1227 925 1279 60

95 1323 152 1382 Ubi
174 1344 235 1381 eum
258 1345 340 1382 usare
363 1325 436 1382 clami
456 1325 561 1382 redisti
583 1329 612 1382 im
633 1326 771 1400 gratiam.
813 1324 879 1381 Am.

208 1421 342 1480 Baeclsus
356 1431 382 1480 te
395 1423 546 1480 irritasset.

90 1520 140 1576 So.
172 1518 232 1577 Nee
256 1519 402 1576 Baeeleum
423 1521 540 1576 salutem
561 1519 651 1592 hodie,
674 1539 722 1577 mee
745 1517 880 1576 Cererem.

215 1616 260 1673 Tu
275 1617 404 1692 purgari
414 1615 546 1692 jusseras

96 1712 187 1786 Vasa,
201 1722 233 1770 ut
247 1734 303 1772 rem
316 1713 442 1771 diuinam
453 1711 591 1791 faceres:
611 1721 638 1772 et
651 1713 724 1770 lsumc
737 1731 777 1769 me
791 1730 883 1768 aseer-

86 1859 91 1866 .
209 1811 293 1868 situm
306 1811 406 1881 mittis,

96 1907 136 1966 Ut
156 1916 244 1966 tecum
258 1907 411 1984 prandeat.
454 1907 520 1964 Am.
541 1907 698 1983 Blepleara,
716 1905 882 1982 dispeream,

211 2005 237 2061 si
250 2013 301 2062 aut
315 2005 392 2062 intus
406 2003 497 2061 adlsm
503 2003 568 2080 fui,

91 2100 157 2161 Aut
169 2102 197 2160 si
209 2102 280 2159 ltume
295 2102 424 2159 miserim.
465 2100 536 2171 Die,
548 2100 596 2156 ubi
606 2119 645 2156 me
657 2099 790 2176 liquisti?
832 2098 881 2156 So.

210 2198 298 2256 Domi
311 2218 371 2256 eum
384 2196 540 2256 Alcumemi
555 2196 680 2272 conjuge.
895 2195 927 2248 65

91 2295 163 2372 Ego
176 2315 195 2352 a
209 2304 235 2353 te
255 2295 350 2352 abieris
366 2303 481 2371 partum
500 2313 597 2352 uersus
618 2294 712 2365 volita,
730 2293 804 2350 laum
824 2292 882 2349 tuis

210 2392 301 2451 verbis
315 2411 387 2449 uoco.

97 2489 238 2562 Venimus,
260 2509 308 2546 aee
332 2497 359 2546 te
381 2488 440 2545 uisi
463 2506 536 2544 uuae
559 2486 638 2545 uideo
655 2493 766 2562 pastea.
815 2485 882 2544 Am.

210 2586 361 2644 Scelestum
375 2592 480 2661 eapute
501 2603 561 2640 eum
574 2586 678 2640 uxore?

90 2683 248 2760 Nunquam
259 2682 332 2753 aleis,
343 2682 412 2758 quire
425 2681 550 2757 vapules.
586 2680 634 2736 So.
649 2679 804 2756 Bleplsara.
838 2676 882 2737 Bl.

210 2779 390 2856 Amphitruo,
404 2779 482 2835 mitte
495 2778 567 2835 luae
581 2774 641 2834 med
652 2774 766 2850 gratid,

91 2876 138 2936 Et
150 2897 191 2936 me
204 2875 315 2934 audias.
357 2875 423 2933 Am.
445 2873 496 2932 Eu
509 2874 599 2944 mitto,
614 2870 685 2950 quid
702 2873 747 2929 vis
766 2872 882 2948 loquere.

211 2971 254 3032 Bl.
275 2971 419 3048 Istiejam
433 2970 536 3028 dudum
549 2969 617 3026 milei
