2138 3386
119 179 174 240 102
341 189 539 235 eutonium.
568 191 629 234 nce.
646 189 663 234 1.
684 190 758 233 sens.
775 189 795 232 u.

175 337 251 395 Volo
266 337 432 407 intromitti;
455 347 539 412 atque
553 337 639 395 etiarn
654 337 709 394 hoo
723 337 850 412 praedico
864 336 930 407 tibi,

175 433 209 492 Si
225 434 305 490 Bona
319 433 447 491 Fortuna
460 435 564 505 veniat,
580 452 616 491 ne
631 434 825 490 intromiseris.

175 530 220 589 St.
243 531 293 587 Pol
308 549 342 587 ea
357 531 417 606 ipsa
431 533 517 589 oredo
532 550 567 588 ne
582 531 783 587 intromittatur
797 540 895 586 cavet:

176 609 251 684 Nain
272 627 307 684 ad
326 627 396 684 aedis
419 638 530 686 nostras
550 646 689 702 nusquam
712 627 790 698 adiit,
805 644 971 701 quanquam

294 743 381 800 prope
395 736 446 780 est.

131 820 235 880 uun.
263 820 355 892 Tace,
378 831 462 896 atque
486 820 532 878 abi
556 820 638 878 intro.
681 819 725 878 St.
750 818 861 891 Taceo,
883 827 971 893 atque

294 918 372 974 abeo.
415 917 474 974 Eu.
496 917 628 973 Occlude
643 916 681 972 sis

174 1014 265 1072 Fores
280 1016 418 1072 ambobus
432 1014 559 1090 pessulis.
602 1013 620 1070 J
623 1032 667 1070 arn
681 1032 736 1090 ego
751 1011 798 1070 hio
812 1029 871 1070 ero.

176 1111 344 1169 Discrucior
368 1111 465 1182 animi,
486 1111 554 1187 quia
576 1111 610 1168 ab
631 1111 717 1168 domo
742 1110 905 1168 abeundum
927 1120 971 1166 est

296 1208 374 1265 mihi.

176 1304 272 1362 Nimis
286 1305 381 1362 hercle
397 1304 501 1362 invitus
516 1305 603 1362 abeo:
624 1303 674 1362 sed
689 1303 756 1379 quid
773 1323 864 1379 agam,
879 1303 951 1360 soio.

175 1400 252 1458 Nam
268 1412 362 1458 noster
376 1414 479 1458 nostrae
494 1401 542 1476 qui
557 1411 600 1458 est
615 1401 748 1477 magister
763 1400 870 1471 Curiae,

131 1505 163 1553 ³0
176 1498 311 1554 Dividere
327 1499 436 1574 argenti
451 1497 523 1555 dixit
537 1516 668 1554 nummos
683 1497 817 1554 invitos:

177 1593 210 1651 Id
225 1594 249 1650 si
265 1595 402 1670 relinquo,
418 1614 452 1652 ao
467 1614 523 1652 non
536 1604 613 1670 peto,
629 1612 728 1651 onmes
743 1593 820 1650 illioo

177 1689 227 1748 Me
241 1692 430 1766 suspicentur,
445 1691 541 1761 oredo,
557 1691 661 1748 habere
676 1709 774 1748 aurum
789 1688 876 1746 domi.

176 1786 252 1844 Nam
267 1807 325 1845 non
340 1799 383 1846 est
397 1787 560 1858 verisimile,
576 1787 720 1845 hominem
735 1805 891 1862 pauperem

177 1884 337 1942 Pauxillum
353 1884 429 1958 pnrvi
446 1885 549 1954 fucere,
564 1884 633 1958 quin
647 1903 794 1940 nummum
809 1894 895 1959 petat.

133 1990 164 2040 35
179 1981 253 2038 Nam
269 2001 346 2038 nuno
361 1999 446 2056 quom
461 1981 524 2038 celo
538 1981 639 2037 sedulo
652 1998 761 2048 omnes,
777 1979 931 2050 nesciant,

177 2079 287 2136 Omnes
300 2079 431 2135 videntur
446 2078 530 2147 scire,
545 2092 574 2134 et
587 2095 632 2134 me
648 2077 799 2153 benignius

177 2175 287 2232 Omnes
301 2177 434 2246 salutant,
449 2193 534 2249 quam
549 2173 708 2232 salutabant
723 2174 809 2249 prius

179 2271 305 2340 Adeunt,
321 2272 490 2337 consistunt,
505 2269 674 2346 copulantur
689 2271 833 2328 dexteras:

179 2366 320 2444 Rogitunt
338 2387 384 2426 me
398 2380 429 2425 ut
443 2369 562 2439 valeam,
577 2367 645 2442 quid
668 2387 759 2444 agam,
775 2368 842 2444 quid
864 2386 963 2426 rerum

297 2482 401 2540 geram.

135 2569 167 2618 to
180 2558 269 2617 Nuno
283 2579 339 2635 quo
352 2560 497 2635 profectus
512 2579 574 2617 snm
589 2561 647 2631 ibo,
661 2561 791 2637 postidea
804 2561 922 2618 domum

183 2655 231 2714 Me
245 2676 367 2728 rursum,
382 2670 519 2732 quantum
534 2669 644 2733 potero,
660 2670 771 2716 tantum
785 2657 931 2733 recipiam.
