2138 3386
120 227 157 284 18
334 237 537 284 sunniunuo.
566 238 628 284 scs.
644 239 662 284 1.
682 239 758 284 scus.
776 240 794 282 1.

176 383 254 442 Nam
278 405 363 460 quom
386 387 552 462 pugnabant
575 405 716 458 maxume,
741 406 796 464 ego
820 386 963 464 fugiebam

293 501 432 540 maxume.

132 590 164 638 45
176 578 380 636 Verumtamen
390 579 471 654 quasi
483 578 610 636 affuerim
621 578 761 637 simulabo
772 592 856 655 utque
868 580 965 638 audito

294 677 418 751 eloquar.

177 773 235 830 Sed
256 792 313 847 quo
335 773 419 830 modo
441 784 470 830 et
487 772 580 829 verbis
594 773 697 848 quibus
711 792 757 830 me
770 773 871 831 deceat
886 775 964 832 sabu-

294 870 387 938 larier,

176 964 259 1022 Prius
281 964 340 1040 ipse
360 984 472 1022 mecum
491 965 576 1022 etiarn
591 966 656 1022 volo
670 964 719 1023 hio
733 967 870 1024 meditari.
913 968 963 1026 Sic

294 1062 349 1117 hoo
363 1063 530 1137 proloquar:
606 1068 608 1073 '

176 1157 323 1232 Principio
345 1170 373 1214 ut
395 1158 444 1214 illo
465 1157 639 1230 advenimus,
656 1159 703 1216 ubi
721 1160 844 1234 primum
860 1171 964 1219 terram

295 1255 448 1330 tetigimus,

178 1351 324 1408 Continuo
336 1351 508 1426 Amphitruo
521 1351 627 1428 delegit
637 1351 712 1409 viros
721 1353 876 1427 primorum
888 1353 965 1430 prin·

296 1448 390 1522 oipes:

134 1559 166 1607 50
179 1544 239 1601 Eos
257 1544 349 1620 legat:
371 1543 508 1602 Telebois
525 1544 606 1621 jubet
625 1543 793 1602 sententiam
816 1556 846 1603 ut
866 1547 965 1605 dioent

296 1659 383 1697 suam.

179 1737 211 1794 Si
232 1737 293 1794 sine
314 1736 340 1793 vi
360 1747 388 1794 et
409 1735 470 1794 sine
490 1737 565 1794 bello
586 1737 673 1794 velint
692 1748 772 1813 rapta
791 1749 820 1796 et
840 1749 966 1815 raptores

296 1833 415 1903 tradere,
1063 1889 1064 1906 2

131 1900 139 1939 i
179 1929 212 1986 si
238 1949 301 2005 quae
330 1929 527 2004 asportfissent,
551 1929 719 2001 redderent3
749 1950 780 1988 se
807 1932 966 1992 exereitum
1063 1937 1064 1940 ’

296 2026 436 2101 extemplo
451 2026 566 2082 domum
1063 2013 1064 2018 ἵ

178 2120 391 2193 Reducturum,
403 2122 529 2179 abituros
543 2140 611 2199 agro
622 2122 755 2200 Argivos,
767 2140 867 2198 paoem
882 2135 967 2201 etque
1063 2109 1064 2116 ἵ

296 2235 391 2273 ocium

179 2313 256 2372 Dare
270 2313 334 2370 illis.
376 2313 429 2370 Sin
450 2313 530 2371 aliter
550 2313 624 2372 sient
645 2314 771 2384 animati,
786 2333 878 2391 neque
898 2316 967 2374 dent

296 2429 359 2484 quae
373 2420 459 2484 petat,

135 2507 251 2570 558ese
274 2507 360 2582 igitur
384 2507 495 2564 summis
514 2507 540 2564 vi
561 2507 684 2583 virisque
707 2527 806 2565 eorum
831 2509 967 2585 oppidum

296 2622 512 2680 expugnassere.

180 2699 254 2758 Haeo
278 2700 326 2756 ubi
351 2700 489 2760 Telebois
513 2701 613 2758 ordine
639 2699 777 2758 iterirunt
801 2721 872 2776 quos
898 2721 968 2778 prae·

299 2796 403 2854 fecerat

180 2892 369 2967 Amphitruo:
391 2893 565 2969 magnanimi
579 2892 631 2949 viri
652 2893 716 2950 freti
731 2893 843 2964 virtute,
857 2904 886 2952 et
903 2894 968 2953 viii·

298 2990 351 3046 bus
