2138 3386
261 232 464 280 carmalum.
492 233 557 279 aaa.
572 233 601 278 v.
623 233 700 280 saza.
716 233 736 278 1.
909 217 947 276 91

95 380 165 439 Am.
186 380 264 439 Mira
273 400 431 439 memoras:
452 381 538 439 nimis
550 380 765 439 formidolosum
777 379 889 438 facinus

215 478 362 555 pradicas.
900 486 933 538 65

95 575 176 633 Nam
197 575 267 633 mihi
287 575 387 632 horror
407 575 534 632 membra
548 574 652 632 misero
665 573 789 651 percipit
802 572 889 630 dictis

215 672 280 730 tuis.

94 770 179 833 Quid
193 769 224 828 fit
235 769 360 828 deinde?
379 787 465 845 porro
478 768 604 844 loquere.
641 766 698 824 Br.
713 767 789 825 Puer
804 767 888 824 ambo

216 885 324 944 angues
338 866 441 924 enicat

95 963 176 1020 Dum
195 962 257 1020 haec
279 969 411 1039 aguntur,
425 980 496 1018 voce
517 961 595 1018 clarii
616 959 756 1018 exclamat
769 977 888 1017 uxorem

213 1071 300 1118 tuam.

95 1157 161 1214 Am.
174 1155 253 1218 Quis
264 1156 369 1220 homoi
409 1155 465 1213 Br.
480 1156 616 1214 Summus
627 1153 780 1230 imperator
790 1152 887 1210 divum

214 1264 298 1328 atque
312 1253 460 1310 hominum
474 1251 492 1309 J
495 1252 615 1327 uppiter.

95 1350 125 1408 Ia
137 1369 169 1408 se
182 1350 253 1408 dixit
267 1368 332 1407 cum
346 1349 510 1407 Alcumena
528 1348 602 1406 clam
620 1357 787 1405 consuetum
807 1346 887 1404 cubi·

214 1447 289 1504 libus
899 1449 930 1498 70

95 1544 228 1618 Eumque
241 1492 331 1600 fiiirim
345 1561 428 1600 suum
439 1561 502 1600 esse
515 1541 564 1619 qui
576 1542 641 1599 illos
652 1559 759 1618 angues
770 1539 884 1598 vicerit:

95 1640 227 1698 Alterum
242 1655 321 1697 tuum
342 1657 405 1698 esse
426 1639 497 1697 dixit
508 1657 638 1714 puerum.
678 1636 744 1696 Am.
765 1636 818 1696 Pol
840 1655 886 1698 me

213 1736 288 1794 haud
302 1735 430 1812 poenitet,

95 1833 216 1892 Scilicet
229 1833 297 1890 boni
311 1832 461 1890 dimidiam
475 1831 546 1890 mihi
560 1831 685 1890 dividere
699 1849 766 1888 cum
780 1828 860 1888 Jove.

94 1929 155 1988 Abi
179 1929 305 2001 domum,
325 1929 394 2006 jube
416 1948 483 1987 vasa
505 1948 578 2006 pura
602 1938 730 1986 actatum
755 1926 885 1986 adornari

212 2025 293 2098 mihi,

95 2124 134 2182 Ut
147 2123 229 2182 Jorie
241 2123 365 2199 supremi
379 2122 475 2181 multia
489 2122 590 2180 hostiis
599 2139 699 2197 pacem
713 2130 852 2195 expetam.
898 2125 929 2173 ⁷5

95 2221 160 2298 Ego
186 2219 331 2278 Tiresiam
358 2218 552 2295 conjectorem
579 2216 735 2288 advocabo,
763 2225 792 2274 et
818 2235 886 2274 con·

213 2314 314 2384 sulam,

92 2411 178 2475 Quid
189 2410 354 2468 faciundum
365 2419 495 2477 censeat3
516 2406 599 2464 simul
612 2407 687 2464 hanc
697 2425 757 2466 rem
768 2416 800 2463 ut
811 2405 886 2464 facta

214 2521 257 2565 est
270 2507 395 2582 eloquar.

95 2605 155 2664 Sed
176 2603 245 2681 quid
267 2604 342 2660 hoci
363 2620 447 2677 quam
466 2599 559 2658 valide
580 2600 690 2658 tonuit!
715 2597 744 2657 di
766 2599 886 2657 obsecro

213 2709 335 2758 vostram
349 2696 450 2756 fidem!
