2150 3386
247 233 438 280 AULULARIA.
467 234 528 279 Aca.
543 232 585 278 IV.
607 231 717 278 ὅσια
880 217 937 278 133

85 381 176 440 Nunc
196 381 258 440 sine
277 383 355 440 omni
376 382 539 460 suspicione
563 381 593 440 in
618 381 666 440 aria
686 379 735 439 hio
756 378 877 438 assidam

205 479 295 538 seori.
890 478 922 528 20

86 575 168 632 Hine
181 595 235 652 ego
254 586 282 634 et
296 577 354 635 huo
374 587 402 635 et
423 576 492 635 illua
512 588 622 654 potere,
636 575 705 652 quid
727 583 822 652 agant,
837 592 879 635 nt·

206 671 345 732 bitrarier.

317 961 319 965 ’
391 971 515 1027 SCENA
537 972 573 1026 n.

316 1157 440 1217 Eucmo.
470 1159 648 1218 Sunonsnns.

61 1335 68 1352 ²
128 1348 187 1408 Eu.
209 1351 258 1410 Tu
272 1352 357 1409 modo
371 1371 440 1410 cave
455 1353 588 1427 cuiquam
603 1353 763 1426 indicassis,
780 1372 878 1412 aurum

206 1466 302 1505 meum
316 1467 377 1506 esse
392 1449 467 1520 istic,
482 1448 577 1507 Fides.

85 1541 159 1600 Non
172 1552 269 1600 metuo
288 1563 325 1602 ne
346 1545 496 1620 quisquam
517 1544 658 1602 inveniat:
680 1544 720 1603 ita
738 1546 828 1622 probe
848 1545 879 1603 in

206 1639 322 1697 latebris
336 1640 421 1697 sitnm
436 1649 487 1698 est.

86 1736 200 1813 Edepol
220 1756 264 1794 nae
286 1737 346 1795 illio
365 1736 515 1813 pulchram
534 1736 659 1812 praedam
681 1747 755 1815 agat,
770 1737 794 1795 si
814 1738 879 1813 quis

208 1834 285 1892 illam
300 1833 439 1892 invenerit

87 1932 196 1990 Aulam
220 1944 351 1989 onustam
376 1931 444 1989 auri.
486 1930 595 1988 Verum
620 1930 648 1988 id
672 1940 701 1988 te
728 1948 824 2005 quaeso
848 1940 880 1988 nt

206 2028 390 2105 prohibessis,
404 2027 499 2085 Fides.

6 2165 7 2168 η
87 2123 178 2182 Nunc
192 2125 302 2195 lavabo,
318 2133 421 2180 utrem
436 2123 561 2180 divinam
582 2122 695 2194 faciam,
709 2142 746 2180 ne
767 2123 878 2181 affinem

207 2239 311 2292 morer,
892 2203 909 2252 5

86 2317 173 2380 Quin
201 2317 250 2374 ubi
278 2325 401 2374 arcessat
427 2334 483 2387 me,
507 2333 600 2372 meam
625 2315 766 2391 extemplo
792 2316 880 2376 filiam

207 2412 294 2470 duoat
314 2412 438 2470 domum.

87 2509 175 2582 Vide,
189 2508 287 2578 Fides,
303 2508 387 2565 etiam
410 2519 493 2582 atque
513 2507 601 2565 etiam
620 2525 709 2578 nuno,
723 2508 828 2566 salvam
849 2518 881 2566 ut

210 2605 302 2663 aulam
318 2605 367 2662 abs
379 2615 407 2662 te
423 2605 555 2662 auferam.

87 2703 164 2762 Tuae
177 2701 245 2760 iidei
260 2701 426 2759 concredidi
441 2720 557 2758 aurum:
579 2701 608 2758 in
623 2711 672 2758 tuo
686 2700 754 2758 luoo
771 2710 800 2758 et
814 2700 881 2759 sano

208 2799 295 2856 modo
308 2809 350 2856 est
364 2798 458 2856 situm.

89 2898 134 2957 St.
156 2895 196 2956 Di
218 2895 405 2954 immortales!
427 2895 503 2970 quod
517 2913 572 2972 ego
586 2895 663 2953 huno
677 2895 822 2953 hominem
843 2895 882 2953 sa·

209 2993 292 3051 cinus
307 2993 392 3050 audio
406 2991 504 3067 loquii

169 3090 317 3151 1212
