2150 3386
250 226 441 274 AULULARIA.
470 228 531 274 Αστ.
544 227 587 274 1v.
608 227 682 273 Seu.
697 227 718 274 l.
744 265 746 270 .
878 217 932 274 131

91 375 149 449 Te,
163 377 212 434 eui
233 376 380 434 decretum
399 388 442 434 est
455 377 553 434 bibere
574 395 683 452 aquam.
724 373 785 434 Eu.
807 373 877 432 Soio

210 492 293 548 quam
308 491 367 531 rem
382 485 454 550 agat.

91 569 131 630 Ut
144 589 191 628 me
204 570 326 645 deponat
340 569 415 642 vino,
429 587 491 627 eam
507 569 618 627 affectat
632 569 721 628 viam:

92 667 162 726 Post
175 667 239 739 hoo,
254 666 329 742 quod
343 666 444 736 habeo,
460 677 490 724 ut
503 677 659 724 commutet
674 665 823 724 coloniam.
889 683 920 731 ⁴⁰

92 764 159 841 Ego
172 763 201 820 id
216 765 331 833 cavebo,
347 782 412 820 nam
426 763 531 820 alicubi
547 763 707 822 abstrudam
721 761 798 821 soris.

92 859 158 937 Ego
172 859 246 931 saxo,
260 871 287 916 et
301 878 415 934 operam
429 870 457 916 et
471 859 567 916 vinum
580 859 734 934 perdiderit
747 859 839 917 simul.

91 957 150 1015 Me.
172 956 245 1034 Ego,
261 957 315 1012 nisi
330 957 397 1031 quid
412 974 457 1014 me
470 956 521 1028 vis,
535 975 571 1014 eo
583 957 717 1028 lavatum,
733 967 763 1014 ut
783 975 878 1014 sacru·

210 1053 300 1110 ficem.

91 1147 153 1208 Eu.
174 1149 282 1225 Edepol
298 1169 342 1207 [ιω
356 1159 397 1221 tu,
412 1149 498 1220 Aula,
512 1150 617 1208 multos
635 1150 767 1208 inimicos
782 1151 877 1223 habes,

91 1247 190 1322 Atque
204 1247 277 1304 istuc
293 1266 401 1319 aurum,
415 1246 491 1321 quod
504 1247 557 1303 tibi
570 1247 766 1305 concreditum
780 1258 830 1305 est.
890 1257 922 1308 ⁴5

91 1343 183 1403 Nune
203 1344 258 1402 hoo
278 1344 348 1400 mihi
369 1343 476 1401 sactum
496 1353 540 1401 est
560 1354 717 1420 optumum,
731 1355 764 1402 ut
783 1355 811 1402 te
832 1364 880 1402 au·
953 1335 956 1342 ’

211 1440 297 1498 feram

91 1537 199 1597 Aulam
214 1537 243 1594 in
257 1537 341 1594 Fidei
356 1537 468 1594 sanum:
491 1537 530 1594 ibi
545 1538 705 1595 abstrudam
719 1538 815 1614 probe.

91 1633 190 1705 Fides,
205 1634 307 1690 novisti
323 1643 408 1691 meet
422 1652 476 1711 ego
489 1644 534 1690 te:
557 1652 625 1692 cave
639 1633 678 1692 sis
692 1634 754 1706 tibi,

90 1731 141 1790 Ne
154 1741 185 1789 tu
200 1731 229 1788 in
243 1749 288 1788 me
303 1731 433 1788 mutassis
447 1749 563 1802 nomen,
577 1730 602 1787 si
616 1730 672 1788 hoo
685 1732 858 1791 concreduo.

90 1826 146 1886 Ibo
160 1826 196 1885 ad
208 1837 246 1899 te,
261 1826 348 1884 fretus
361 1827 421 1900 tud,
435 1825 532 1900 Fides,
546 1825 660 1887 fiducia.
890 1847 923 1898 ω

289 2123 412 2178 ACTUS
434 2123 483 2178 IV.
518 2123 640 2178 SCENA
663 2123 685 2178 Ι.

307 2293 317 2315 ’
400 2309 577 2369 Smmms.

133 2502 202 2563 Hoc
222 2512 266 2562 est
285 2503 357 2561 servi
379 2503 490 2563 facinus
509 2504 593 2582 frugi,
614 2504 709 2564 faeere
729 2505 806 2581 quod
825 2523 881 2585 ego

211 2619 382 2677 persequor:

93 2697 161 2757 Nec
181 2716 267 2754 morae
287 2699 480 2774 molestiaeque
500 2697 650 2774 imperium
670 2698 758 2758 herile
778 2697 882 2758 habeat

212 2794 274 2852 sibi.

93 2890 173 2950 Nam
187 2891 235 2966 qui
247 2891 315 2948 hero
329 2909 364 2948 ex
373 2891 512 2949 sententid
524 2891 630 2950 servire
640 2910 736 2949 servus
745 2891 879 2967 postulat,

94 2985 131 3046 In
144 2987 245 3046 herum
259 2996 378 3059 matura,
393 2987 423 3046 in
437 3006 468 3046 se
481 3006 544 3046 sera
557 2987 696 3045 condecet
709 3003 865 3062 capesset&
