2138 3386
249 195 452 244 nururuuuo.
481 198 543 244 nor.
558 197 602 244 m.
622 197 699 242 scer.
713 197 735 242 ³.
905 183 945 242 67

93 337 313 417 Blepharonem,
335 355 367 402 ut
390 364 421 403 re
443 345 542 403 divini
566 345 642 403 sueth
666 362 781 402 meeum
803 361 887 419 prou·

214 439 287 498 deut.

93 532 142 592 So.
170 534 236 592 Jnm
258 536 306 594 hio
327 556 386 609 ero,
408 557 495 613 quum
516 539 576 597 illio
596 538 728 596 censebis
747 555 811 596 esse
830 554 885 595 me.

211 631 260 690 lu.
283 633 422 692 Actutum
436 634 494 692 hun
506 635 576 694 redi.

93 725 145 784 At.
167 726 306 804 Nunquid
323 730 363 786 vis
375 731 444 806 quin
466 731 565 789 abeam
582 731 642 808 jum
656 731 742 803 iutro,
757 739 789 787 ut
804 747 886 806 uppn·

213 837 309 884 rentur
324 827 427 901 quibus
441 829 532 904 opusl
898 827 929 876 15

91 917 143 977 Iu.
171 919 186 976 Ι
209 940 287 993 seue,
309 932 337 979 et
360 935 498 998 quantum
520 933 614 1000 potest
636 932 735 999 putato
758 921 804 980 sao
828 920 886 979 sint
990 997 994 1004 .

211 1019 315 1076 omniu

93 1111 144 1171 At.
172 1113 254 1175 Quin
276 1114 365 1186 venis,
386 1115 500 1190 quando
524 1115 575 1188 vis,
596 1115 691 1173 iutro:
720 1114 784 1173 saxo
808 1111 886 1171 haud

211 1210 363 1286 quiequam
378 1211 414 1268 sit
430 1231 523 1270 morae.

91 1304 141 1362 Ju.
163 1305 259 1364 Recte
278 1307 404 1382 loquere,
418 1318 446 1365 et
465 1308 585 1385 proinde
605 1307 772 1385 diligentem
786 1315 817 1363 ut
836 1324 886 1363 ux·

211 1421 289 1460 orem
305 1404 396 1461 decet.

92 1497 160 1556 lam
187 1499 217 1556 hi
245 1500 329 1556 umbo
355 1509 383 1557 et
410 1519 506 1558 servos
532 1510 561 1559 et
587 1500 656 1558 hero
682 1500 786 1559 frustra
818 1509 886 1558 suut

212 1594 279 1667 duo,

91 1690 156 1754 Qui
167 1709 213 1748 me
224 1692 463 1767 Amphitruonem
474 1703 572 1751 rentur
583 1711 662 1751 esse:
681 1703 777 1752 errant
786 1692 884 1770 probe.
898 1701 931 1753 2⁰

94 1786 185 1844 Nune
199 1798 230 1845 tu
244 1788 340 1846 divine
354 1788 399 1846 suo
413 1789 470 1846 huo
484 1790 554 1847 assis
568 1789 660 1848 Sosio,

94 1884 191 1942 Audis
204 1904 266 1959 quae
281 1885 358 1955 dieo,
372 1885 484 1942 tametsi
498 1904 622 1961 praesens
635 1903 694 1942 non
709 1885 793 1944 ades:

95 1981 156 2038 Fac
173 1981 410 2057 Amphitruonem
425 1981 621 2039 advenientem
637 1982 672 2040 nb
686 1981 795 2040 aedibus

95 2076 135 2134 Ut
150 2076 247 2153 abigas
260 2077 360 2152 quovis
373 2087 468 2152 puoto,
483 2078 528 2134 sau
543 2087 721 2136 commentus
735 2077 800 2136 sies.

96 2172 173 2230 Volo
187 2172 282 2230 deludi
299 2172 388 2241 illum,
403 2173 471 2230 dum
484 2193 551 2230 oum
567 2174 620 2232 hee
636 2173 764 2231 usurarii
899 2179 932 2229 ὕ

97 2269 194 2328 Uxore
208 2288 286 2325 nunu
300 2269 370 2325 mihi
385 2270 537 2346 morigero,
553 2271 614 2328 haeo
628 2280 727 2328 curata
741 2270 808 2342 sint,

99 2365 160 2422 Fae
174 2364 229 2422 sis:
250 2364 369 2440 proinde
385 2365 466 2437 odeo,
480 2377 511 2423 ut
527 2385 571 2424 me
586 2367 658 2424 velle
672 2366 830 2443 intellegis:

98 2461 196 2537 Atque
211 2470 241 2518 ut
255 2460 397 2518 ministres
411 2461 492 2532 mihi,
506 2481 573 2520 oum
587 2462 658 2520 mihi
671 2461 848 2522 sacruficem
