2150 3386
251 248 448 295 nononnmn.
479 251 541 296 ner.
557 252 588 297 11.
608 251 686 297 scu«.
700 249 721 292 2.
885 229 942 288 1⁰9

89 399 210 473 Semper
232 417 295 454 sum
318 398 478 471 arbitratus,
500 409 529 456 et
552 417 630 456 nuno
652 397 781 455 arbitror.
822 393 882 452 Eu.

208 495 320 550 Aurum
336 495 404 551 huic
418 496 483 553 olet.

87 591 173 652 Quid
187 611 265 647 nune
280 610 325 648 me
338 593 399 649 vis't
439 592 496 650 Me.
517 591 666 654 Quoniam
680 601 711 650 tu
724 609 779 664 me,
790 601 819 648 et
829 608 884 668 ego

209 699 237 745 te
251 689 342 763 qualis
356 689 405 760 sis,
420 690 498 746 seio:
895 694 928 745 40

88 785 167 845 Quae
188 803 234 840 res
255 799 332 842 reete
351 795 452 858 vortat,
474 785 611 861 mihique,
632 785 750 861 tibique,
770 794 885 859 tueque

210 881 285 952 filie,

93 977 198 1035 Filiam
219 987 295 1034 tunm
317 978 388 1035 mihi
408 997 525 1037 uxorem
544 997 649 1055 poseo:
672 977 806 1054 promitte
829 977 885 1036 hoe

212 1075 279 1132 sore.

93 1170 153 1228 Eu.
176 1170 268 1228 Heia!
292 1169 458 1248 Megadoro,
470 1172 547 1229 haud
557 1172 694 1229 deoorum
705 1171 817 1229 facinus
828 1170 886 1228 tuis

211 1268 294 1325 saetis
308 1269 389 1339 facie,

93 1364 133 1422 Ut
147 1365 258 1439 inopem
275 1375 358 1438 atque
373 1365 520 1422 innoxium
535 1366 585 1423 abs
599 1375 638 1436 te,
654 1374 738 1440 atque
758 1364 808 1421 abs
828 1363 886 1422 tuis

212 1479 257 1516 me
272 1461 399 1518 irrideas.

94 1555 171 1613 Nam
186 1555 222 1613 de
236 1568 264 1614 te
277 1575 370 1632 neque
384 1576 425 1628 re,
437 1575 530 1633 neque
545 1557 637 1614 verbis
651 1557 753 1629 merui,
767 1566 799 1614 ut
812 1557 887 1615 faee-

213 1672 258 1711 res
272 1654 348 1729 quod
363 1654 442 1711 facis.
898 1660 930 1710 45

95 1749 153 1808 Me.
175 1748 280 1825 Neque
299 1750 399 1825 edepol
421 1768 476 1827 ego
497 1759 526 1808 te
546 1749 671 1807 derisum
685 1749 779 1822 renio,
793 1767 887 1825 neque

212 1846 346 1903 derideo:

95 1943 200 2020 Neque
221 1943 339 2018 dignum
361 1942 489 1999 arbitror.
531 1941 591 2000 Eu.
613 1942 674 2000 Cur
693 1941 780 2019 igitur
792 1943 888 2019 poscis

215 2057 306 2096 meam
320 2051 434 2115 gnatam
450 2038 522 2096 tibit

95 2137 154 2194 Me.
175 2135 215 2194 Ut
227 2147 341 2210 propter
357 2153 402 2192 me
415 2135 468 2192 tibi
488 2135 525 2192 eit
538 2135 652 2206 melius,
666 2135 793 2209 mihique
807 2153 890 2212 prop·

217 2243 259 2290 ter
273 2243 301 2288 te
315 2242 345 2288 et
358 2241 430 2288 tuoe.

96 2330 157 2389 Eu.
179 2329 268 2387 Venit
288 2328 343 2385 hoe
364 2327 445 2398 mihi,
466 2326 634 2406 Megadore,
656 2328 685 2385 in
706 2339 841 2400 mentem,
861 2339 891 2388 te

216 2443 278 2483 esse
293 2424 436 2482 hominem
451 2424 578 2496 divitem,

97 2522 282 2592 Fnotiosum3
305 2539 350 2578 me
364 2521 433 2578 item
445 2521 588 2578 hominem
602 2539 760 2603 paupqrum
773 2541 892 2598 pauper·
942 2506 944 2510 ’

218 2617 330 2676 rimum.
904 2641 936 2690 5⁰

98 2716 190 2773 Nune
210 2714 234 2771 si
255 2714 342 2771 filiam
362 2713 498 2772 loodssim
519 2731 612 2772 meam
634 2715 698 2787 tibi,
717 2715 747 2772 in
768 2725 893 2772 mentem

219 2811 304 2882 venit,
624 2813 631 2822 ‘

98 2907 147 2967 Te
166 2909 267 2966 bovem
287 2926 360 2979 esse,
375 2917 404 2964 et
423 2925 469 2964 me
489 2925 552 2964 esse
573 2906 707 2965 asellum:
729 2907 778 2964 ubi
798 2917 894 2964 tecum

221 3004 394 3081 conjunctus
407 3005 489 3075 siem,

221 3119 239 3158 r
344 3100 380 3158 10
