2138 3386
250 211 454 258 eormredo,
482 212 546 258 Aer.
560 212 591 258 11.
611 212 725 260 sorno
900 199 940 258 55

84 357 151 422 Qui
176 360 251 418 illaeo
272 360 332 418 illio
354 379 402 420 me
425 361 562 420 donatum
585 379 648 420 esee
672 362 759 420 edred
781 361 881 439 poteri

208 458 290 530 sciet,

85 551 155 612 Nisi
169 554 322 626 tridudum
336 554 411 614 hano
430 555 598 628 convenisti,
613 565 643 614 et
655 555 804 615 narravisti
818 557 881 614 hreo

208 652 311 710 omnia.
894 657 940 706 135

85 747 137 807 So.
165 747 269 823 Neque
293 748 393 826 edepol
418 767 473 826 ego
496 748 566 822 dixi,
586 767 681 825 neque
704 749 787 808 istem
811 749 880 819 ridi,

207 846 262 903 nisi
277 856 372 903 tecum
387 845 479 903 simul.

86 941 154 1000 Am.
181 941 264 1004 Quid
285 944 340 1000 hoo
361 943 397 1000 sit
418 943 557 1000 hominis!
599 942 649 1000 Ar
671 943 739 1002 vin’
760 943 881 1020 proserii

206 1041 352 1115 pateraml
393 1040 458 1098 Am.
480 1039 605 1098 Proferri
620 1039 693 1098 volo.

86 1134 138 1194 Al.
160 1135 233 1194 Fiat.
275 1136 334 1208 Tu,
349 1137 500 1208 Thessala,
514 1136 591 1194 intus
610 1147 736 1212 peterem
755 1137 881 1213 proferto

208 1233 291 1305 sores,

86 1329 159 1394 Quo
179 1330 266 1388 hodie
286 1350 367 1388 meus
386 1329 428 1388 vir
449 1330 566 1389 donavit
585 1349 639 1388 me.
680 1329 746 1388 Am.
769 1330 881 1390 Secede

207 1429 264 1485 huo
278 1438 319 1500 tu,
335 1427 426 1486 Sosio.

88 1523 244 1584 Enimvero
264 1525 334 1582 illud
354 1533 455 1600 praeter
477 1524 532 1582 elie
551 1523 624 1582 mire
637 1524 724 1582 miror
737 1541 880 1597 maxume,
893 1542 940 1591 140

89 1621 122 1681 Si
144 1621 205 1678 haeo
226 1622 311 1679 habet
330 1631 456 1698 peterem
478 1621 563 1678 illam.
605 1621 653 1680 So.
675 1622 723 1679 An
744 1620 830 1680 eliam
851 1621 881 1679 id

207 1718 309 1788 eredis,
325 1737 387 1792 quae
402 1717 432 1776 in
446 1717 501 1775 lieo
515 1717 656 1775 oistellold

88 1813 159 1873 Tuo
179 1814 261 1891 signo
282 1814 432 1891 obsignata
452 1814 560 1871 serturl
599 1813 665 1872 Am.
688 1813 804 1872 Salvum
825 1814 881 1893 rig·

207 1911 352 1968 numestl
392 1909 440 1968 So.
461 1909 585 1986 Inspice.

89 2007 155 2066 Am.
183 2007 288 2078 Recte,
309 2007 349 2064 ito
372 2016 415 2064 est
439 2017 470 2065 ut
491 2005 648 2084 obsignavi.
696 2006 743 2065 So.
769 2006 881 2070 Quaeso

208 2104 276 2179 quin
290 2114 322 2162 tu
336 2105 428 2162 istene
438 2103 522 2179 jubes

90 2201 147 2260 Pro
160 2202 264 2259 oerritd
276 2200 474 2260 circumserril
514 2200 580 2257 Am.
602 2199 712 2277 Edepol
724 2200 793 2276 quin
804 2200 881 2258 seeto

207 2309 250 2356 est
263 2317 343 2373 opus.

90 2397 168 2457 Nam
194 2398 257 2455 haeo
284 2397 400 2472 quidem
427 2396 527 2472 edepol
554 2395 695 2454 larvarum
716 2397 802 2473 plene
828 2407 879 2455 est.

207 2494 256 2552 Al.
276 2494 358 2555 Quid
374 2494 466 2552 verbis
479 2495 544 2569 opu'
560 2494 622 2552 estl
893 2507 939 2556 145

92 2591 166 2649 Hem
188 2591 240 2648 tibi
265 2602 407 2667 pateram:
440 2609 549 2648 eoeam.
597 2590 663 2648 Am.
687 2589 773 2648 Cedo
800 2588 878 2648 mihi.

207 2688 257 2746 Al.
280 2687 354 2764 Age,
370 2687 466 2763 rspioe
479 2687 537 2744 hue
551 2687 590 2744 sie
603 2705 682 2745 nuno
692 2687 762 2764 jem,

92 2785 150 2858 Tu,
163 2785 223 2862 qui,
238 2802 301 2859 quae
316 2783 401 2855 faeta,
415 2783 560 2842 inficiere:
582 2801 666 2860 quern
686 2802 742 2861 ego
759 2783 818 2861 jam
832 2782 881 2842 hio

208 2881 377 2940 eonvinoam
389 2880 491 2957 pelam.
