2150 3386
255 235 446 283 Auuuumue.
474 239 536 283 Am.
551 237 595 286 111.
616 239 690 284 scm.
705 240 728 284 e
886 231 943 290 125

394 490 516 548 scuNA
537 491 587 548 IV.

427 679 552 740 Eucuro.

135 869 217 928 Incrc
239 871 307 928 hinc
328 872 405 929 abiit.
446 871 485 929 Di
507 872 690 946 immortales,
705 874 816 931 facinus
837 894 885 934 uu·

215 968 270 1025 dax
284 969 393 1043 incipit,

94 1063 160 1125 Qui
184 1083 249 1120 cum
277 1065 412 1138 opulento
434 1083 542 1141 pauper
569 1065 684 1124 homine
712 1067 798 1142 coepit
824 1086 885 1125 rem

217 1161 320 1218 habere
335 1173 382 1218 aut
396 1161 554 1237 negotium,

97 1256 196 1315 Veluti
219 1257 392 1333 Megadorus
414 1267 505 1316 tentet
527 1278 573 1316 me
595 1260 727 1318 omnibus
752 1263 886 1318 miserum

216 1354 324 1410 modis:

96 1449 162 1511 Qui
185 1449 337 1522 simulavit,
363 1451 420 1508 mei
443 1451 558 1510 honoris
582 1452 694 1511 mittere
718 1454 774 1511 huc
798 1453 887 1512 causo

217 1565 335 1620 coquos,

99 1643 129 1703 Is
153 1643 188 1704 eit
213 1643 299 1700 causi
321 1643 406 1715 misit,
432 1644 487 1701 hoo
510 1644 559 1720 qui
586 1646 759 1720 surriperent
783 1647 888 1705 misero

217 1740 295 1801 mihi.
899 1755 916 1805 5

99 1839 251 1916 Coudigne
272 1840 358 1896 etiam
382 1857 463 1897 meus
487 1854 532 1894 me
556 1836 632 1894 intus
656 1837 747 1914 gallus
771 1838 888 1914 gallina-

218 1955 296 2007 oeus,

98 2032 162 2096 Qui
176 2043 236 2091 erat
251 2033 316 2090 anui
330 2032 492 2108 peculiaris,
506 2033 630 2107 perdidit
642 2034 821 2109 paenissume.

98 2129 156 2188 Ubi
177 2140 236 2187 erat
257 2129 318 2186 haec
339 2129 459 2201 defossa,
475 2130 598 2204 occoepit
613 2131 651 2186 ibi
667 2131 824 2205 scalpurire
837 2150 889 2188 un-

217 2225 292 2302 gulis

98 2321 306 2380 Circumoirce.
346 2321 429 2383 Quid
453 2340 524 2398 opus
547 2332 590 2380 est
612 2321 724 2380 verbisl
756 2323 796 2380 ita
818 2323 888 2381 mihi
972 2383 983 2406 ⁶

217 2428 316 2493 pectus
329 2418 476 2494 peracuit:

98 2512 192 2592 Capio
208 2514 320 2587 fustem,
335 2516 477 2573 obtrunco
491 2514 607 2592 gallum,
623 2515 713 2572 furem
729 2516 889 2574 monifesta-

218 2613 300 2670 rium.
902 2634 933 2684 10

99 2709 197 2767 Credo
217 2727 271 2785 ego
291 2707 392 2782 edepol
413 2707 455 2764 illi
475 2706 635 2764 mercedem
656 2707 732 2784 gallo
746 2707 890 2784 pollicitos

217 2823 334 2879 coquos,

99 2900 133 2959 si
147 2899 176 2958 id
188 2900 280 2976 palum
292 2900 414 2958 lecisset.
455 2899 558 2958 Exemi
572 2918 588 2957 e
603 2919 687 2958 manu
700 2900 888 2958 manubrium.

337 2995 400 3053 11*
