2150 3386
118 223 173 282 142
323 235 515 284 mmmmm.
544 237 606 283 Aer.
621 237 663 282 rv.
684 237 759 282 sm.
776 236 810 280 ro.

174 383 270 459 Atque
290 385 338 443 hio
359 387 473 462 quidem
494 386 598 444 Euolio
619 397 671 444 est.
713 385 774 456 Est,
789 385 900 460 opinor,
917 401 967 459 op-

289 482 357 557 pido
372 503 426 560 ego
441 483 553 541 interii!
575 483 668 559 palam
683 491 725 539 est
739 501 791 538 res.

172 575 236 636 Scit
253 579 397 653 peperisse
415 579 483 657 jam,
505 591 536 636 ut
557 599 611 656 ego
632 579 743 654 opinor,
764 578 850 634 filiam
871 597 964 636 suam.
1010 621 1017 632 .

289 672 377 732 Nune
391 677 460 733 mihi
476 676 616 732 incertum
631 687 683 745 est,

127 770 159 821 2⁰
170 769 253 832 Quid
264 789 354 846 agam.
396 770 508 828 Abeam
520 757 554 828 arr
565 772 716 829 maneam?
738 790 773 827 an
786 770 905 827 adeam?
928 787 966 828 an

288 866 415 943 fugiam?
436 867 504 943 quid
519 887 600 944 agam
615 867 715 943 edepol
731 866 837 925 nescio.

477 1165 599 1220 SCENA
622 1166 656 1220 X.

397 1351 521 1410 Eocmo.
550 1351 735 1411 chomors.

208 1541 268 1602 Eu.
288 1544 368 1607 Qms
381 1545 466 1602 homo
480 1543 528 1602 hio
542 1545 688 1620 loquitur?
729 1547 787 1621 Ly.
810 1545 875 1623 Ego
889 1566 962 1606 sum.

286 1641 346 1698 Eu.
368 1640 461 1698 Immo
479 1660 534 1718 ego
554 1661 616 1698 sum
631 1643 727 1714 miser,
742 1656 770 1699 et
784 1642 887 1700 misere
900 1663 963 1720 per·

287 1737 372 1808 ditus,

169 1832 227 1891 Cui
241 1843 320 1890 tanta
334 1834 416 1904 mala,
429 1834 648 1909 moestitudoque
664 1834 773 1910 obtigit.
816 1835 874 1911 Ly.
890 1837 963 1893 Arri·

287 1948 334 1986 mo
349 1930 424 1986 bono
438 1948 477 1986 es,

169 2024 229 2083 Eu.
243 2024 314 2087 Quo
325 2026 445 2082 obsecro
456 2037 540 2100 pacto
552 2045 613 2082 esse
624 2028 759 2101 possum?
799 2027 857 2102 Ly.
878 2027 963 2088 Quia

287 2122 360 2178 istuo
375 2122 485 2179 saoinus
499 2122 574 2196 quod
589 2133 668 2178 tuum

170 2217 313 2275 Sollicitat
334 2219 469 2289 animum,
492 2218 519 2275 id
544 2237 598 2294 ego
623 2219 687 2285 feci,
710 2229 737 2275 et
758 2219 855 2276 fateor.
897 2217 960 2280 Eu.

284 2313 366 2375 Quid
380 2333 434 2391 ego
449 2333 482 2372 ex
497 2325 524 2372 te
540 2314 645 2372 audior

139 2411 226 2487 5Ly.
248 2410 281 2467 Id
297 2411 371 2485 quod
388 2429 484 2468 verum
499 2421 549 2468 est.
590 2410 650 2467 Eo.
671 2409 754 2471 Quid
768 2429 822 2488 ego
837 2413 959 2484 emerui,

287 2507 461 2578 adolescens,
476 2508 553 2578 mali,
766 2507 767 2511 ’

166 2602 364 2665 Quamobrem
377 2605 413 2661 ita
429 2605 546 2676 faceres,
558 2623 660 2678 meque
670 2623 805 2679 meosque
816 2604 959 2680 perditum

285 2699 341 2755 ires
354 2700 478 2756 liberosT

167 2792 225 2867 Ly.
247 2793 326 2850 Deus
349 2793 483 2868 impulsor
498 2793 567 2849 mihi
589 2795 651 2864 fuit,
668 2796 691 2852 is
711 2815 758 2853 me
779 2797 813 2854 ad
834 2795 911 2854 illam
927 2796 961 2856 il·

284 2885 361 2944 lexit.
402 2886 461 2944 Eu.
482 2887 673 2948 Quomodo?
