2150 3386
119 239 174 298 154
383 249 576 296 sueonum.
607 250 759 295 sumum.

174 395 298 474 Explere
312 399 423 458 illarum
442 399 612 458 Tartaream
625 399 778 475 ingluuiem
786 403 890 474 potest.

174 493 276 572 Inique
290 495 395 553 domim
408 498 496 554 seruis
510 505 630 553 utuutur
644 495 724 567 suis,‘

174 589 219 650 Et
232 593 307 650 serui
321 591 416 670 inique
429 592 547 651 dominis
562 613 635 650 uuae
645 599 752 669 pareat
765 591 844 648 suis.-

131 688 163 738 85
175 687 274 766 suste
288 689 426 761 ueutrabi,
441 690 517 767 quod
519 688 593 767 fieri
597 689 710 765 justum
715 687 808 764 soret.

174 785 296 857 Pessum,
306 786 440 862 popinas,
456 787 540 844 cellas
549 786 765 862 promptuarias

179 881 341 940 Oealueluut
354 881 428 940 mille
441 883 567 940 clavibus
576 882 664 959 parci
678 901 762 940 senes.
887 941 891 949 ,

178 978 253 1047 Qua
267 979 313 1036 viu
327 979 462 1055 legitimis
476 979 588 1037 concedi
601 979 678 1037 uatis
692 979 800 1049 volunt,

175 1074 396 1152 Seruijitraaes,
410 1077 578 1152 versipelles,
594 1075 704 1147 callidi,
820 1125 824 1131 .

132 1175 163 1226 tt
180 1171 304 1229 Occlusa
318 1173 391 1230 mille
404 1173 531 1230 clavibus
545 1173 600 1243 sibi
613 1181 760 1231 reserant:

176 1268 344 1346 ststimque
356 1277 486 1346 raptant,
501 1278 674 1341 consumuat,
689 1269 851 1345 liguriunt:

179 1363 304 1424 Centena
316 1364 556 1444 uuuquamsurta
569 1366 678 1424 dicturi
692 1385 791 1423 cruces

177 1461 227 1520 su
241 1463 401 1521 servitutem
413 1464 590 1520 ulciscuntur
603 1463 678 1521 serui
691 1463 760 1521 mali

177 1557 254 1618 Risu
259 1558 398 1637 jocisque.
440 1559 491 1617 Sic
505 1579 572 1636 erga
585 1559 726 1632 conclude,
741 1559 816 1636 quad

132 1665 164 1715 ⁴5
177 1656 278 1714 Servos
283 1655 386 1734 fideles
401 1657 558 1714 liberalitas
564 1655 655 1734 facit.

177 1754 228 1830 Ly.
250 1752 340 1813 Recte
354 1753 465 1830 quidem
479 1762 521 1825 tu,
536 1754 586 1811 sed
597 1773 652 1810 aaa
660 1752 774 1830 paucis,
789 1760 822 1810 ut
835 1752 905 1810 mibi

176 1851 341 1909 Pollicitus.
389 1849 489 1907 Verum
503 1851 529 1906 si
543 1859 568 1908 te
574 1848 661 1925 sacia
674 1849 800 1920 liberum,

175 1947 299 2019 Reddas,
320 1948 395 2023 quod
413 1948 516 2024 cupio?
566 1947 607 2004 St.
635 1946 785 2004 Reddam:
812 1945 862 2004 secl
886 1954 973 2006 testes

293 2046 353 2102 vala

176 2141 304 2200 Adsiut:
325 2141 461 2217 iguasees,
476 2141 557 2205 bere:
573 2159 678 2217 parum
692 2139 773 2197 credo
787 2139 849 2196 tibi.

132 2253 164 2303 50
177 2242 228 2316 Ly.
256 2239 294 2297 Ut
307 2238 400 2304 lubets
421 2237 518 2296 adsint
531 2238 576 2295 ael
588 2246 713 2301 cautum:
725 2235 791 2312 jam
803 2235 849 2292 nil
858 2255 959 2295 maror.

177 2339 218 2397 St.
240 2335 404 2412 Megalen,
422 2343 449 2394 et
470 2343 501 2392 tu
526 2333 680 2405 Euumuia,
699 2333 793 2391 adeste
809 2351 921 2410 precor,
943 2333 972 2392 si

294 2433 368 2491 libet.

176 2531 284 2590 Exite:
299 2528 432 2608 perflati
446 2549 476 2586 re
489 2547 549 2586 aiau
562 2527 699 2586 redibitis.

177 2629 236 2687 Me.
264 2628 328 2697 Qui
347 2647 396 2685 uas
417 2629 520 2684 vacat?
541 2625 600 2682 bem
620 2623 775 2700 Lyconide.
816 2621 871 2682 Eu.
892 2621 970 2682 Heus

294 2723 427 2792 strobile,
442 2721 514 2796 quid
525 2724 588 2777 est?

177 2818 350 2895 Laquiusiui.
391 2817 442 2890 Ly.
457 2815 551 2872 Breve
561 2824 610 2873 est.
651 2814 710 2873 Me.
728 2815 813 2884 Quid
820 2819 884 2873 est?
924 2815 967 2874 st.

301 2912 355 2968 Vos
369 2919 451 2968 testes
465 2931 539 2967 voca.

134 3013 166 3066 55
178 3007 214 3064 Si
227 3006 427 3084 quadrilibrem
441 3006 536 3061 aulam
550 3006 617 3061 auri
623 3006 738 3080 plenam
751 3005 805 3062 bue
819 3004 929 3081 adsero,
