2138 3386
125 235 165 296 2⁰
340 253 542 301 mrumnuo.
572 255 635 300 rer.
650 253 669 300 1.
689 255 766 300 sm.
782 255 803 301 1.

186 397 293 458 Hostes
307 404 400 460 crebri
414 405 537 462 cadunt:
558 405 649 462 nostri
663 415 763 461 contra
777 405 921 481 ingruunt.

185 495 317 555 Vicimus
330 500 357 556 ri
372 501 490 559 feroces.

185 593 242 650 Sed
257 594 353 672 lugam
369 597 397 654 iu
412 617 443 655 se
456 609 552 656 tamen
566 616 653 655 nemo
666 597 853 668 convortitur,

184 687 249 747 Nec
262 693 371 751 recedit
385 694 459 764 loco,
473 695 542 770 quin
555 697 649 752 statim
663 713 723 752 rem
737 703 825 771 gerat.

139 786 171 838 ὦ
184 786 317 845 Animam
332 791 466 848 omittunt
478 792 641 867 priusquam
656 790 721 848 loco
734 790 910 867 demigtent:
953 824 955 832 ·

182 881 315 959 Quisque
329 887 369 943 uti
384 897 509 958 steterat,
520 887 606 964 jacet,
621 887 787 961 obtinetque
800 887 938 944 ordinem.

184 979 250 1036 Hoc
265 982 312 1039 ubi
327 982 500 1059 Amphitruo
514 983 598 1040 herus
611 983 793 1058 conspicatus
806 991 859 1053 est,

182 1074 266 1136 Illico
279 1079 389 1153 equites
399 1081 479 1156 jubet
493 1080 609 1137 dexteri
624 1079 770 1137 inducere.

183 1171 302 1248 Equites
315 1187 414 1250 parent
428 1176 494 1233 citi:
516 1177 552 1233 ab
565 1175 681 1234 dexteri
697 1193 829 1232 maxumo

138 1267 170 1317 ⁹⁰
183 1268 257 1328 Cum
273 1271 396 1330 clamore
411 1273 545 1344 involant,
560 1274 665 1349 impetu
681 1273 786 1330 alacri:
841 1288 844 1300 ‘

182 1365 304 1425 Foedant
318 1379 346 1426 et
359 1380 507 1445 proterunt
520 1369 643 1426 hostium
655 1370 753 1445 copias
764 1368 828 1444 jure
843 1367 968 1444 injustas.

105 1460 108 1469 ’
182 1462 239 1522 Me.
266 1463 421 1540 Nunquam
441 1467 525 1524 etiam
545 1466 696 1541 quicquam
712 1465 805 1523 adhuc
819 1466 970 1522 verborum

298 1576 341 1618 est
355 1563 518 1637 prolocutus
532 1581 695 1639 perperam:

181 1654 316 1733 Namque
338 1677 393 1736 ego
417 1660 457 1717 sui
482 1659 540 1717 illic
565 1659 594 1716 in
615 1678 647 1717 re
665 1658 809 1735 presenti,
832 1668 860 1716 et
878 1676 969 1728 meus,

299 1774 384 1831 quom
398 1767 555 1833 pugnatum
569 1767 621 1827 est,
635 1765 723 1831 pater.

181 1849 228 1908 So.
256 1850 422 1910 Perduelles
441 1862 590 1928 penetrant
612 1852 685 1909 sein
700 1851 806 1928 sugam.
847 1849 892 1908 lbi
906 1868 970 1908 nos-

298 1949 350 2006 tris
365 1949 475 2006 animus
490 1949 602 2006 additus
615 1959 674 2006 est:

1062 1625 1064 1710 l

1060 1743 1063 1784 l

138 2046 169 2096 95
182 2043 368 2102 Vortentibus
378 2045 525 2116 Telebois,
535 2045 598 2102 telis
609 2045 822 2120 complebantur
834 2061 968 2118 corpora3
1059 2057 1060 2064 ’

181 2138 319 2216 Ipsusque
334 2140 507 2216 Amphitruo
520 2159 617 2218 regem
630 2140 771 2199 Pterelam
786 2141 839 2198 sui
852 2141 970 2198 obtrun-

298 2236 373 2294 cavit
388 2255 480 2294 manu.

182 2331 256 2392 Hec
277 2333 336 2391 illic
356 2343 399 2390 est
419 2343 544 2410 pugnata
566 2351 773 2410 pugnansque
793 2351 912 2390 amane
934 2333 969 2390 ad

298 2448 445 2505 vesperum
456 2449 463 2487 ε

161 2542 165 2549 ·
182 2524 249 2582 Hoc
270 2525 340 2582 adeo
360 2526 416 2582 hoc
437 2526 621 2584 commemini
643 2525 743 2602 magis,
764 2525 832 2600 quia
851 2525 901 2583 illo
921 2526 969 2584 die

300 2621 459 2696 impransus
473 2621 522 2679 fui.

182 2717 240 2774 led
259 2717 387 2793 prelium
408 2717 436 2775 id
456 2717 571 2776 tandem
591 2717 705 2776 diremit
726 2737 784 2775 nox
808 2717 968 2778 interventu

298 2825 358 2871 suo.

123 2918 169 2968 10⁰
181 2906 322 2966 Postridie
337 2909 364 2965 in
379 2919 473 2966 castra
485 2927 521 2966 ex
534 2910 605 2966 urbe
619 2910 653 2968 ad
668 2929 721 2967 nos
735 2911 855 2970 veniunt
868 2911 969 2970 flentes

297 3004 457 3081 principes:
