2138 3386
140 239 179 298 2⁴
357 251 554 300 rurumnuo
590 255 653 300 nm.
669 253 687 298 1.
707 253 783 300 sisu.
799 255 819 299 1.

200 399 265 458 Jem
285 401 395 477 pridem
416 401 527 460 videtur
548 403 665 475 fautum,
680 403 742 460 heri
762 401 839 479 quod
860 401 991 460 homines
1050 431 1051 462 t

318 509 438 573 quatuor

200 593 233 651 ln
245 613 374 670 soporem
384 596 548 654 ooliooustis
558 597 658 654 nudos.
695 597 742 654 So.
764 595 902 654 Formido
915 595 990 654 mule

199 690 247 749 Ne
261 710 315 770 ego
329 692 377 749 hro
390 710 494 750 nomen
509 711 603 751 meum
618 703 802 764 commutem,
816 702 845 750 et
858 692 991 754 Quintus

317 789 382 847 fiam
397 808 413 847 o
427 789 519 849 Sosii.

142 894 186 944 150
198 885 332 948 Qustuor
347 886 421 944 viros
435 886 529 964 sopori
544 905 575 944 re
589 886 701 944 dedisse
715 885 763 943 hio
778 895 922 956 autuman

161 972 163 976 ¹
200 981 301 1040 Metuo
321 999 357 1040 ne
378 983 766 1061 numerumuugeanrilium.
808 982 864 1040 Me.
894 981 989 1040 Hem!
1050 1051 1051 1058 ἵ

317 1098 395 1137 nuno
405 1079 463 1156 jam
478 1098 563 1157 ergo:
584 1081 626 1137 sio
641 1080 714 1137 eolo.

200 1175 248 1233 So.
276 1175 421 1252 Cingitur,
436 1187 514 1234 certe
535 1177 649 1252 expedit
662 1193 701 1234 se.
743 1176 800 1234 Me.
828 1175 898 1233 Non
917 1176 990 1238 seret

317 1273 385 1347 quin
400 1273 520 1348 vapulet.
1050 1259 1051 1324 i

200 1369 248 1429 So.
275 1368 353 1430 Quis
367 1370 472 1428 homoi
512 1371 568 1429 Me.
595 1371 737 1447 Quisquis
752 1370 838 1428 homo
856 1370 913 1427 huo
926 1389 992 1446 pro·
1031 1373 1032 1376 ’

320 1466 395 1524 secto
408 1467 526 1539 venerit,
540 1487 652 1544 pugnos
666 1468 738 1526 edet.

201 1561 249 1620 So.
278 1562 389 1641 Apage,
403 1583 461 1622 nun
481 1563 575 1640 placet
594 1583 641 1622 me
654 1565 710 1622 hoo
723 1563 819 1621 noetis
833 1581 912 1620 esse:
934 1581 992 1621 οω-

318 1660 382 1718 navi
397 1661 498 1717 modo:

142 1764 188 1816 155
200 1755 288 1815 Proin
308 1766 339 1814 tu
360 1757 441 1815 istum
463 1775 574 1816 ooennm
594 1757 707 1834 largire,
720 1756 746 1814 si
766 1755 850 1832 sapis,
865 1754 992 1814 esurien-

320 1854 403 1910 tibus.

200 1947 257 2008 Me.
286 1949 373 2008 Haud
394 1949 499 2008 muium
521 1949 589 2006 huio
603 1958 646 2006 est
664 1950 777 2025 pondus
790 1968 896 2027 pugno.
938 1947 990 2006 So.

318 2045 410 2104 Periit
431 2065 543 2122 pugnos
556 2046 701 2121 ponderat.

200 2140 257 2201 Me.
283 2142 366 2204 Quid
387 2142 410 2199 si
431 2161 486 2219 ego
506 2142 585 2200 illum
606 2142 718 2200 tractim
740 2152 854 2220 tangam
875 2152 906 2199 ut
926 2141 992 2200 dor·

319 2238 407 2296 misti
447 2239 494 2295 So.
523 2239 701 2296 Servnveris:

201 2335 277 2394 Num
292 2335 442 2392 continuas
457 2334 507 2392 hes
527 2333 578 2393 tris
598 2346 698 2393 nootes
717 2335 890 2412 pervigiluvi.
930 2335 990 2397 Me.

318 2431 485 2490 Pessumum
500 2442 543 2490 eet

201 2528 343 2588 Fucinus:
365 2528 494 2603 nequiter
515 2529 599 2586 ferire
619 2529 721 2587 mulam
741 2529 815 2586 malo
834 2528 919 2588 discit
933 2548 994 2588 ma·

317 2645 379 2683 nus.

142 2737 188 2787 160
202 2721 268 2780 Alit
282 2721 373 2780 sormi
386 2731 498 2798 oportet
511 2739 574 2780 esse
588 2741 671 2796 quem
686 2733 717 2779 tu
730 2741 828 2798 pugno
842 2722 954 2800 legeris.

200 2819 248 2877 So.
276 2818 340 2877 Illio
354 2819 439 2876 homo
453 2837 499 2877 me
512 2818 703 2894 interpolabit,
718 2837 871 2894 meumque
889 2837 922 2876 os
933 2820 995 2892 tin-

317 2926 365 2993 get
378 2916 482 2974 denuo.
