2138 3386
119 221 159 278 56
329 229 531 279 nmmmnuo.
562 233 624 278 nor.
640 231 670 278 ιι.
692 233 768 278 sce«.
783 232 805 278 2.

179 380 270 439 Estne
287 381 348 439 heo
367 393 475 458 putem,
491 382 547 458 qud
562 383 684 442 donatus
698 381 759 440 illit
800 381 865 441 Am.
888 383 975 441 Sum·

298 499 343 537 me
357 479 498 555 Juppiter,

178 575 261 638 Quid
285 595 340 652 ego
363 578 464 634 video!
494 579 556 635 haeo
583 596 618 635 en
638 588 681 636 est
707 577 837 654 profecto
863 588 973 654 patere.

297 673 388 732 Perii!
411 674 502 732 Sosia.

122 777 167 826 150
180 769 227 828 So.
263 771 324 827 Aut
350 771 396 847 pol
424 771 486 828 haeo
519 770 718 848 prestigiatrix
752 772 853 828 mulier
881 772 972 828 multo

298 887 429 924 maxuma
449 879 501 938 est,

181 965 241 1022 Aut
261 976 386 1040 poteram
399 938 449 1022 Ate
470 964 563 1021 inesse
576 974 695 1040 oportet.
737 964 802 1021 Am.
824 964 971 1041 Agedum,

298 1080 359 1118 enm
375 1061 451 1118 solve
466 1061 605 1118 cistulam.

181 1157 227 1216 So.
242 1158 322 1219 Quid
336 1176 390 1234 ego
402 1159 484 1215 istam
495 1158 645 1215 exolvamt
665 1151 816 1235 obsignita
826 1160 862 1215 ’st
875 1170 971 1218 reete:

298 1273 343 1311 res
357 1266 436 1331 gestu
449 1264 492 1310 est
506 1255 586 1311 bene.

178 1350 229 1410 Tu
249 1351 383 1427 peperisti
406 1351 655 1427 Amphitruonem,
683 1370 737 1428 ego
767 1351 853 1408 alium
872 1352 972 1428 peperi

299 1447 427 1504 Sosiam:

180 1544 210 1601 N
213 1563 269 1601 uno
283 1545 307 1600 si
323 1555 448 1619 pateram
462 1554 560 1619 patera
573 1544 692 1620 peperit,
706 1563 805 1601 ornnes
826 1545 973 1622 congemi-

298 1641 435 1698 nevimus.

121 1750 168 1798 155
181 1737 246 1795 Am.
275 1737 392 1795 Certum
414 1748 456 1795 est
476 1738 595 1812 aperire,
618 1748 702 1812 atque
724 1737 872 1814 inspicere.
922 1737 970 1796 So.

299 1834 373 1892 Vide
388 1835 426 1891 sis
440 1833 515 1910 signi
530 1835 597 1910 quid
612 1834 682 1891 siet:

181 1930 229 1988 Ne
242 1931 382 2007 posterius
397 1931 425 1990 in
437 1948 483 1987 me
497 1931 609 2007 eulpam
622 1931 761 1988 conseras.
799 1932 865 1990 Am.
881 1932 973 2008 Aperi

299 2027 400 2085 modo:

181 2124 258 2182 Nam
283 2125 345 2182 haeo
368 2123 482 2198 quidem
506 2141 559 2179 nos
585 2122 738 2181 delirantes
766 2124 861 2183 faeere
887 2124 974 2184 dietis

298 2221 429 2295 postulat.

181 2318 231 2376 Al.
252 2317 336 2375 Unde
357 2317 418 2374 haeo
439 2315 525 2392 igitur
545 2327 597 2387 est,
612 2316 667 2374 nisi
689 2318 797 2389 abste,
818 2337 881 2392 qum
902 2318 974 2375 mihi

300 2413 376 2470 dono
390 2413 454 2470 data
468 2415 530 2470 estt

182 2511 247 2569 Am.
269 2510 351 2587 Opns
366 2509 403 2566 mi
418 2523 459 2566 est
480 2509 554 2567 istun
567 2510 717 2585 exquisito.
759 2510 808 2569 So.
829 2510 972 2588 Juppiter,

299 2626 351 2684 pro
365 2606 383 2663 J
386 2606 512 2682 uppiter!

123 2715 169 2764 160
183 2705 247 2762 Am.
274 2703 356 2767 Quid
381 2704 433 2761 tibi
458 2705 520 2761 estt
560 2701 608 2762 So.
636 2703 696 2761 Hie
718 2716 818 2780 potera
840 2705 918 2762 nullu
943 2706 973 2763 in

300 2801 403 2857 cistula
417 2801 459 2856 ’st
502 2800 567 2858 Am.
587 2799 670 2862 Quid
685 2819 739 2877 ego
755 2802 859 2859 audio?

183 2896 230 2954 So.
252 2896 285 2953 Id
307 2896 381 2971 quod
403 2914 500 2953 verum
521 2903 572 2954 est.
614 2897 678 2955 Am.
701 2898 741 2954 At
755 2916 822 2954 oum
842 2897 974 2957 cruciatu

298 2993 366 3070 jam,
381 2992 412 3050 ni
427 3002 552 3068 apparet,
567 3004 624 3051 tuo.
