2138 3386
245 245 447 293 nurfflrnuu
477 243 573 291 Aenl.
595 245 671 291 Son.
686 244 707 290 l.
885 227 925 287 25

60 370 62 374 Α
76 395 130 454 Me.
159 395 331 453 Exossatum
346 413 378 453 os
392 412 454 453 esse
468 403 589 470 oportet,
603 411 689 469 quem
701 393 790 470 probe
803 409 866 468 per·

192 511 322 552 eussens.

74 590 121 647 So.
149 588 258 646 Mirum
277 589 309 646 ni
329 589 377 647 hie
392 607 443 646 vme
456 587 538 663 quasi
557 605 713 645 murenam
733 603 865 644 exossare

191 687 307 763 cogitat.

75 783 155 840 Ultro
175 783 271 840 istunc
284 782 333 858 qui
352 792 465 840 exossat
484 780 623 838 homines.
665 779 759 838 Perii!
780 779 804 836 si
818 797 865 838 me

194 880 341 955 aspexerit.

73 976 128 1034 Me
156 975 227 1034 Olet
249 977 335 1033 honio
359 976 475 1052 quidam
498 975 574 1033 malo
597 993 658 1032 suo.
708 973 756 1032 So.
786 972 862 1032 Heil

191 1085 326 1130 munnam
340 1092 395 1150 ego
408 1073 525 1131 oboluit
877 1075 923 1128 16⁵

71 1169 127 1228 Me.
156 1170 254 1245 Atque
274 1170 349 1227 haud
374 1171 459 1247 longe
484 1169 582 1227 abesse
605 1179 733 1245 oportet:
764 1185 863 1226 verum

190 1266 275 1342 longe
289 1266 356 1323 hine
371 1266 469 1323 abluit.

71 1362 118 1420 So.
146 1361 212 1420 Illie
226 1362 312 1419 honio
324 1362 537 1438 superstitiosus
550 1372 602 1420 est.
643 1361 700 1420 Me.
728 1361 864 1420 Gestiunt

188 1459 277 1536 pugni
292 1459 370 1517 inihi.

70 1556 118 1614 Se.
147 1557 180 1614 Si
201 1557 230 1613 in
253 1575 297 1613 ine
317 1555 504 1628 exerciturus,
518 1573 615 1632 quaeso
635 1555 665 1613 in
678 1556 816 1632 parietem
830 1565 863 1614 ut

188 1654 310 1729 primurn
325 1652 431 1711 domes.

70 1749 126 1808 Me.
156 1751 220 1808 Vox
233 1751 304 1808 milri
319 1752 353 1808 ad
368 1771 450 1808 aures
465 1750 613 1809 advolavit.
655 1751 703 1809 so.
731 1751 787 1810 Nae
806 1769 871 1830 ego·

188 1848 274 1905 horno
288 1849 386 1906 infelix
400 1848 451 1919 sui,

67 1943 132 2006 Qui
146 1963 205 2001 non
220 1944 278 2002 alas
291 1945 448 2004 intervelli:
469 1945 615 2002 volucrem
628 1962 728 2002 vooern
749 1944 860 2021 gestito.
875 1947 921 1999 170

69 2040 126 2098 Me.
154 2040 220 2098 Illie
242 2041 328 2098 homo
350 2060 367 2098 a
389 2059 434 2099 nre
457 2041 512 2099 sibi
536 2041 640 2098 malam
661 2059 722 2098 rein
744 2041 862 2100 arcessit

184 2137 314 2213 jumento
328 2157 388 2196 ιιιο.
775 2191 778 2198 .

68 2234 116 2292 So.
145 2233 214 2292 Non
236 2235 368 2309 equidem
379 2235 474 2292 *ullum
487 2235 580 2293 habeo
591 2235 760 2312 jumentum.
802 2233 860 2294 Μὰ.

187 2329 359 2390 Onerandus
373 2343 416 2389 est
428 2333 532 2409 pugnis
545 2334 643 2408 probe.

68 2427 116 2487 So.
145 2427 252 2486 Lassus
275 2447 337 2486 sum
362 2429 458 2487 hercle
481 2447 498 2486 e
521 2429 597 2501 navi,
622 2439 653 2487 ut
677 2439 775 2487 vestus
803 2429 868 2488 hun

187 2544 266 2583 surn:
287 2525 373 2583 etiarn
388 2545 465 2583 nune
479 2543 595 2585 nauseo.

67 2620 126 2678 Vix
148 2621 251 2679 incedo
272 2621 381 2692 inanis;
403 2641 440 2680 ne
453 2621 495 2680 ire
508 2641 592 2698 posse
605 2641 672 2680 eum
686 2641 774 2681 onere
788 2623 870 2682 exis·-

186 2729 286 2776 turnes.

66 2813 123 2872 Me.
153 2815 240 2873 Certe
261 2816 337 2874 enirn
360 2816 408 2874 hie
429 2816 529 2874 neseio
549 2817 614 2893 quis
634 2816 768 2892 loquitur.
809 2817 858 2876 So.

187 2912 287 2969 Salvos
300 2933 374 2985 suni,
389 2932 447 2972 non
462 2933 507 2972 me
520 2915 604 2972 videt
872 2909 928 2958 1⁷5³

187 3026 204 3065 r
302 3009 323 3066 3
