2138 3386
146 209 185 268 98
366 225 538 274 rnouoous
559 225 592 272 ru
612 223 835 273 rucuurnmu.

205 371 287 450 Coepi
302 375 461 449 observare,
476 375 561 452 ecqui
575 376 710 453 majorem
725 375 800 432 filius

206 467 281 527 Mihi
297 471 433 530 honorem
446 473 571 544 haberet,
584 491 669 548 quam
680 472 741 549 ejus
753 471 898 528 habuisset
907 480 1000 548 pater.

206 567 303 641 Atque
317 568 365 626 ille
378 588 445 626 vero
459 570 555 628 minus
569 570 720 644 minusque
734 568 879 644 impendio

206 661 324 736 Curare,
339 665 489 741 minusque
504 685 550 725 me
564 666 709 742 impartire
723 665 887 722 honoribus.

158 762 190 811 ‘20
206 758 279 818 Item
303 781 318 819 a
338 780 385 820 me
406 763 634 820 contrafactum
654 775 716 820 est:
742 781 810 820 nam
833 761 903 820 item
928 761 1002 819 obiit

323 859 407 918 diem.

205 953 235 1012 Is
248 973 283 1013 ex
297 974 327 1014 se
342 957 418 1014 hunc
432 956 555 1032 reliquit,
567 956 616 1033 qui
627 955 675 1014 hic
689 975 767 1014 nuno
778 955 896 1026 habitat,
908 954 1001 1012 filium

206 1051 315 1110 Pariter
329 1064 478 1126 moratum,
493 1069 525 1111 ut
537 1065 617 1130 pater
632 1073 756 1129 avusque
770 1053 854 1129 hujus
869 1052 934 1110 fuir.

206 1147 285 1206 Huic
299 1149 357 1207 lilia
372 1169 428 1208 una
441 1160 500 1208 est:
522 1169 556 1208 ea
569 1150 640 1208 mihi
654 1151 761 1208 cotidie

206 1243 267 1302 Aut
281 1256 352 1317 ture,
368 1257 415 1304 aut
431 1247 506 1318 vino,
522 1258 569 1304 aut
585 1246 672 1322 aliqui
687 1265 798 1323 semper
812 1245 973 1322 supplicat:

158 1347 190 1396 25
206 1340 264 1398 Dat
278 1343 347 1400 mihi
362 1362 490 1402 coronas.
532 1343 603 1420 Ejus
617 1344 734 1402 honoris
747 1342 849 1420 gratid-

207 1437 287 1510 Feci‚
302 1440 466 1497 thesaurum
479 1453 511 1498 ut
524 1441 572 1498 hic
587 1441 723 1517 reperiret
737 1439 853 1511 Euclio,

205 1534 276 1597 Quo
290 1554 352 1617 eam
368 1536 481 1595 facilius
495 1548 624 1614 nuptum,
639 1537 663 1594 si
679 1537 772 1608 vellet,
787 1537 875 1594 daret.

206 1631 284 1690 Nam
299 1634 466 1709 compressit
479 1653 542 1692 eam
556 1635 592 1692 de
606 1653 718 1692 summo
733 1634 899 1692 adolescens
913 1633 988 1694 loco.

206 1728 235 1787 Is
249 1731 304 1787 scit
318 1730 482 1788 adolescens
496 1750 558 1806 quae
572 1730 618 1802 sit,
633 1749 718 1806 quam
732 1731 949 1807 compresserit:

160 1835 191 1886 ³0
210 1826 264 1884 llla
278 1827 357 1886 illum
370 1828 473 1899 nescit,
487 1846 580 1902 neque
594 1845 786 1903 compressam
801 1837 896 1885 autem
909 1838 997 1904 pater.

208 1922 281 1980 Eam
295 1943 350 2001 ego
364 1923 448 1982 hodie
463 1923 576 1990 seciam,
591 1935 624 1980 ut
637 1923 685 1980 hic
699 1942 786 1982 senex
799 1924 835 1981 de
848 1924 980 1999 proximo

207 2019 270 2078 Sibi
284 2039 401 2078 uxorem
414 2030 521 2097 poscat.
563 2019 595 2077 ld
612 2019 647 2078 ei
662 2020 764 2079 faciam
778 2021 879 2097 gradi,

206 2115 277 2178 Quo
292 2117 340 2174 ille
353 2135 415 2174 eam
430 2117 544 2175 facilius
557 2116 654 2189 ducat,
669 2115 718 2192 qui
733 2128 949 2193 compresserat.

208 2212 246 2270 Et
260 2212 307 2270 hic
321 2212 370 2287 qui
382 2224 483 2288 poscet
495 2231 558 2270 eam
572 2213 627 2270 sibi
641 2231 759 2270 uxorem
773 2232 869 2286 senex,

160 2314 192 2364 ³5
207 2309 237 2366 Is
251 2309 440 2367 adolescentis
454 2309 530 2368 illius
544 2320 586 2368 est
600 2310 766 2383 avunculus,

206 2405 269 2468 Qui
285 2405 362 2464 illam
375 2406 512 2482 stupravit
525 2417 623 2478 noctu,
638 2406 753 2465 Cereris
766 2406 880 2484 vigiliis.

208 2503 266 2561 Sed
281 2502 329 2560 hic
342 2521 429 2561 senex
439 2503 499 2580 jam
513 2503 617 2562 clamat
631 2503 717 2576 intus,
732 2514 764 2561 ut
778 2503 859 2562 solet.

208 2599 306 2658 Anum
321 2600 396 2658 foras
409 2601 542 2673 extrudit,
556 2619 593 2659 ne
607 2599 644 2658 sit
658 2600 782 2660 conscia.

207 2695 304 2755 Credo
318 2715 418 2756 aurum
433 2695 574 2772 inspicere
587 2697 654 2768 volt,
669 2715 706 2755 ne
719 2707 880 2774 surreptum
894 2697 956 2759 siet
