2138 3386
287 253 489 299 nnoflmnua
519 253 672 299 swam.
888 239 936 298 π’

83 401 181 474 Video,
189 410 341 479 postquam
355 402 472 460 aduenio
487 401 627 479 peregre!
648 420 713 458 nam
726 400 801 458 aeru'
817 404 869 472 cst,
916 451 920 462 .

198 499 273 576 quod
284 500 348 557 olim
362 508 404 558 est
417 499 545 557 auditum

78 596 264 667 Molaria,
279 604 399 654 mutatos
413 596 526 654 Atticos
540 597 571 653 in
585 594 717 654 Arcadici
738 594 869 667 homines,

78 691 125 750 Et
144 713 234 750 sacas
256 693 361 750 belluas
380 693 558 765 mansitasse,
572 713 620 751 nec
640 711 763 769 unquam
780 690 870 749 denuo

192 789 361 866 parantibus

80 885 227 963 Cognitos.
277 887 319 944 ΒΙ.
338 886 429 956 'Quid
446 886 515 944 illuc
536 885 643 944 Sosia?
666 904 773 962 morgno
792 892 869 958 sunt,

198 1003 260 1060 qua
273 985 347 1041 mira
355 983 509 1060 prodicos.
881 994 898 1044 ὅ

79 1079 151 1138 Ain'
167 1089 198 1138 tu
212 1081 330 1139 altarum
348 1090 375 1139 te
394 1081 529 1158 reperisse
548 1079 622 1138 domi
641 1079 806 1137 consimilem
819 1077 871 1136 So·

198 1178 291 1234 siam?
908 1188 922 1200 ·“

81 1273 131 1332 So.
152 1272 219 1331 Aio.
269 1274 327 1331 Sed
344 1275 409 1332 leus
429 1283 471 1346 tu,
493 1293 572 1351 quom
592 1293 643 1350 ego
662 1273 782 1345 Sosiam,
803 1273 872 1331 Ano·

192 1371 370 1446 pleitruonem
384 1371 566 1447 Amphitruo,
581 1371 652 1448 quid
664 1372 719 1428 scis
734 1391 772 1428 an
831 1411 835 1423 .

84 1465 131 1525 Ήι
143 1465 227 1543 sorte
247 1467 334 1524 alium
353 1467 559 1543 Blepharonem
573 1469 701 1546 parias?
721 1469 738 1527 ὀ
759 1467 807 1525 Di
817 1466 872 1544 sa-

199 1565 287 1634 ciant,
301 1572 333 1620 ut
346 1572 377 1620 tu
392 1584 499 1642 quoquo

81 1659 218 1720 Concisus
233 1661 353 1736 pugnis,
368 1669 395 1719 et
411 1661 496 1719 illisis
511 1661 649 1734 dentibus,
663 1661 697 1719 id
708 1662 869 1738 impransus

198 1757 324 1815 creduas.

79 1853 158 1912 Nam
171 1873 232 1929 ego,
246 1854 293 1912 ille
307 1855 380 1912 alter
394 1854 488 1928 Sosia,
503 1855 553 1933 qui
570 1855 631 1912 illic
651 1875 720 1928 sum,
734 1876 775 1914 me
788 1856 870 1914 malis

198 1952 332 2009 mulcavit
345 1952 440 2010 modis.
884 1969 915 2019 1⁰

80 2047 124 2106 Bl.
150 2046 232 2105 Mira
249 2047 388 2124 proficto.
429 2047 489 2106 Sul
503 2048 616 2124 gradus
636 2049 763 2107 condecet
780 2069 872 2125 gran·

199 2144 279 2202 dire:
300 2165 363 2202 nam
377 2154 409 2202 ut
423 2146 512 2217 uideo,

80 2239 225 2319 Expectat
239 2242 420 2319 Arnpleitruo,
434 2251 461 2300 et
474 2263 579 2301 uacuus
593 2243 662 2300 milii
675 2253 770 2302 amtor
784 2245 871 2322 crepi-
893 2265 895 2270 ’
915 2255 921 2294 ‘I

200 2347 253 2397 tat.
295 2339 361 2396 Am.
382 2339 428 2396 Et
441 2340 512 2417 quid
524 2341 619 2397 aliena

58 2421 231 2494 'Fabulort
259 2437 290 2492 in
310 2445 404 2494 nostra
427 2437 492 2494 olim
518 2436 650 2495 Tleebano
667 2459 769 2514 genere
790 2440 873 2517 plus·

200 2553 283 2609 quam
296 2533 370 2590 mira
383 2542 542 2604 memorant,

80 2628 275 2705 Martigenam
286 2630 333 2688 illc
348 2649 502 2705 aggressus
514 2630 631 2690 belluam
644 2653 764 2710 magnus
776 2633 871 2693 Euro·

193 2745 242 2802 pa
255 2735 385 2803 questor,
400 2728 542 2803 anguinea

80 2821 209 2900 Repente
223 2823 323 2881 hosteis
332 2825 445 2901 peperit
458 2826 590 2884 seminia:
610 2835 637 2885 et
651 2827 788 2904 pugnato
802 2829 871 2886 illae

195 2937 298 2997 pugno
885 2938 915 2986 15
