2138 3386
316 595 362 650 tt.
388 586 494 650 Acc't
522 595 697 650 PLAUTI

240 841 747 916 AMPHITRUO

404 1301 610 1356 PROLOGUS.

413 1470 604 1529 Mnncunms.

8 1649 14 1682 '·
112 1644 160 1704 Ut·
174 1664 225 1704 vos
238 1646 268 1704 in
281 1647 383 1704 vostris
396 1648 478 1704 voltis
492 1647 687 1705 mercimoniis

114 1741 266 1814 EmundiS,
281 1744 496 1818 vendundisque
510 1763 555 1802 me
568 1744 663 1802 laetum
678 1743 767 1802 lucris

114 1838 250 1910 Afficere,
266 1849 349 1914 atque
364 1841 496 1916 adjuvere
510 1841 538 1898 in
554 1841 639 1898 rebus
653 1840 805 1898 omnibus:

114 1933 154 1991 Et
168 1945 199 1992 ut
213 1953 267 2005 res,
282 1936 462 2011 rationesque
476 1947 631 1994 vestrorum
646 1937 774 1994 omnium

8 2055 10 2080 ι
115 2029 196 2088 Bene
209 2031 341 2106 expedire
355 2032 447 2103 voltis,
462 2051 635 2110 peregreque
648 2043 677 2090 et
690 2033 777 2104 domi,
916 2045 933 2092 5

115 2125 255 2202 Bonoque
269 2139 354 2203 etque
368 2129 461 2204 amplo
476 2139 590 2187 auctare
603 2141 740 2204 perpetuo
753 2129 844 2201 luero,

113 2223 256 2299 Quasque
270 2224 416 2301 incepistis
430 2245 485 2297 res,
499 2244 625 2301 quasque
640 2225 838 2301 inoeptebitis:

8 2321 16 2366 ἰ
115 2319 154 2377 Et
168 2321 210 2378 uti
225 2321 306 2378 bonis
319 2340 369 2379 vos
382 2332 547 2396 vostrosque
561 2323 654 2379 omnis
667 2322 775 2379 nuntiis

115 2415 167 2474 Me
182 2417 294 2475 afficere
307 2418 407 2476 voltis:
428 2437 463 2476 ea
477 2419 600 2490 afferam,
615 2437 649 2478 en
664 2429 694 2476 ut
709 2419 848 2490 nuntiem,

113 2513 193 2576 Qum
206 2494 330 2572 maixime
344 2515 373 2572 in
386 2534 446 2572 rem
461 2525 583 2573 vostram
598 2535 780 2573 eommunem
794 2516 884 2574 sient:
918 2525 949 2575 1⁰

116 2609 209 2687 (Nam
232 2629 282 2668 vos
306 2611 422 2686 quidem
446 2611 475 2669 id
496 2611 555 2689 jum
578 2612 660 2671 scitis
682 2630 853 2670 concessum
876 2624 906 2670 et

234 2707 330 2766 dutum

116 2803 192 2861 Mihi
206 2822 269 2861 esse
284 2805 318 2860 ab
333 2804 387 2860 diis
402 2804 474 2874 aliis,
489 2805 596 2874 nuntiis
610 2805 722 2880 praeeim
736 2814 765 2862 et
778 2805 859 2861 luero
869 2805 890 2884 :)
949 2858 951 2863 .

116 2899 191 2958 Haee
205 2909 236 2956 ut
250 2919 295 2958 me
309 2900 392 2958 voltis
407 2902 571 2976 approbare,
587 2900 708 2957 annitier

8 3013 11 3054 t
115 2995 244 3054 Lucrum
258 3006 289 3055 ut
302 3015 428 3072 perenne
441 2995 521 3053 vobis
534 3013 644 3070 semper
657 3005 803 3070 suppetet:
