2138 3386
123 241 160 296 16
336 255 539 304 AMPHITRUO.
569 257 631 304 Ace.
647 257 666 304 1.
686 257 762 304 Son.
778 257 798 304 1.

178 399 245 459 Nec
264 403 413 480 quisquam
434 406 471 463 sit
491 406 560 482 quin
580 425 627 464 me
647 425 746 466 omues
765 425 828 465 esee
847 406 967 484 dignum

296 500 449 575 deputent:
471 502 510 559 ita

177 595 272 658 Quasi
292 597 427 655 incudem
448 617 493 662 me
509 598 644 658 miserum
658 599 788 658 homines
801 609 868 658 octo
881 599 967 658 ualidi

296 695 423 752 caedant:
446 695 484 752 ite

177 787 301 866 Peregre
317 790 469 848 adveniens
483 791 606 868 hospitio
620 790 775 868 publicitus
789 791 934 866 accipiar?

179 885 253 942 Haec
268 887 328 944 heri
342 886 521 946 immodestia
535 889 640 964 coegit,
655 907 701 946 me
715 888 764 964 qui
778 889 833 945 hoc
862 935 865 948 .

137 991 166 1039 10
180 982 283 1042 Noctis
298 1004 313 1041 a
327 995 408 1058 portu
424 986 543 1062 ingratis
557 985 698 1044 excitavit.

179 1080 285 1138 Nonne
300 1082 375 1138 idem
391 1083 445 1138 hoc
459 1082 516 1140 luci
532 1101 578 1139 me
592 1083 704 1140 mittere
717 1082 829 1158 potuit?

178 1177 324 1252 Opulento
339 1179 447 1236 homiui
462 1179 517 1237 hoc
530 1179 651 1236 servitus
663 1178 734 1236 dura
747 1180 809 1236 esti

179 1271 246 1331 Hoc
260 1274 350 1350 magis
365 1274 448 1332 miser
462 1286 505 1332 est
517 1274 613 1332 divitis
626 1293 737 1332 servos:

179 1368 346 1444 Noctesque
359 1371 476 1446 diesque
491 1371 605 1428 assiduo
619 1371 687 1428 satis
700 1389 841 1447 superque
854 1379 906 1442 est,

135 1475 166 1524 15
178 1465 249 1528 Quo
264 1466 349 1538 fucto,
366 1477 414 1524 aut
427 1467 504 1524 dicto
519 1468 599 1525 adest
612 1486 693 1543 opus,
708 1467 820 1543 quietus
834 1487 871 1525 ne
884 1467 931 1528 sie.

179 1563 244 1639 Ipse
259 1563 391 1619 dominus
405 1563 483 1620 dives
497 1563 601 1638 operis,
615 1573 644 1620 et
657 1563 762 1620 laboris
776 1581 886 1638 expers,
965 1545 986 1568 κ

177 1661 383 1736 Quodcunque
398 1659 507 1716 homini
522 1659 627 1717 accidit
641 1658 739 1729 libere,
754 1677 837 1734 posse
851 1669 944 1716 retur:

180 1757 304 1833 AEquom
320 1775 382 1814 esse
396 1765 491 1832 putat:
513 1774 571 1813 non
585 1766 696 1831 reputat
708 1756 814 1814 laboris
828 1756 897 1831 quid
910 1755 964 1814 sit:

179 1852 254 1926 Nec,
269 1873 379 1928 aequom
395 1872 468 1911 anne
482 1853 610 1927 iniquom
625 1853 754 1929 imperet,
768 1853 914 1929 cogitabit

134 1960 167 2010 20
181 1950 267 2028 Erg0‚
283 1951 312 2008 in
326 1950 461 2008 servitute
474 1959 609 2024 expetunt
622 1949 711 2006 multe
724 1948 838 2024 iniqua:

179 2046 352 2104 Habendum
366 2059 395 2104 et
410 2046 555 2104 serendum
567 2045 623 2102 hoc
636 2064 709 2103 onus
722 2056 766 2103 est
779 2065 846 2102 cum
859 2045 964 2104 labore

178 2143 235 2202 Mc.
264 2143 361 2200 Satius
382 2154 424 2200 est
445 2161 491 2200 me
512 2141 593 2217 queri
615 2141 664 2200 illo
685 2141 771 2199 modo
791 2142 966 2214 servitutem,

296 2239 381 2296 hodie

178 2334 241 2397 Qui
256 2335 356 2392 fuerim
372 2335 452 2405 liber,
467 2353 533 2392 eum
546 2354 626 2392 nuuc
638 2335 738 2410 potivit
751 2345 830 2410 puter

181 2431 347 2489 Servitutis:
370 2431 427 2503 hic,
442 2432 490 2506 qui
506 2449 590 2488 verna
602 2443 686 2488 natus
699 2443 751 2502 est,
765 2431 900 2507 queritur.

136 2529 251 2586 &Sum
273 2545 340 2585 vero
354 2545 439 2585 verne
452 2529 578 2586 verbero.
620 2527 668 2586 So.
696 2527 826 2587 Numero
846 2528 916 2587 mihi
937 2528 967 2586 in
1056 2515 1058 2532 ’

297 2636 421 2682 mentem
436 2624 498 2696 suit,

181 2720 235 2780 Die
249 2721 443 2780 advenientem
463 2721 568 2798 gruties
587 2739 640 2796 pro
652 2721 761 2779 meritis
776 2740 868 2799 cgere,
884 2731 967 2797 atquc
1050 2791 1057 2802 ι

300 2819 354 2876 ulo
374 2819 412 2876 ui.

181 2913 236 2974 Nae
258 2915 308 2987 illi,
331 2839 442 2990 eciepu,
457 2914 481 2972 si
502 2914 604 2974 merito
625 2931 690 2972 meo
710 2913 814 2972 referre
835 2913 968 2974 studeam

299 3013 413 3090 gratius,
