2138 3386
289 584 669 657 u.scc1rnsnnr

220 845 741 921 AULULARra

374 1311 581 1367 PROLOGUS.

340 1483 406 1541 Lan
427 1483 617 1542 Famrnrarus.

81 1660 132 1719 Νι.
147 1661 212 1737 quis
226 1662 342 1720 miretur
355 1662 404 1737 qui
417 1655 482 1733 sim,
496 1661 598 1738 paucis
611 1662 736 1738 eloquar.

82 1759 148 1837 Ego
162 1759 218 1817 Lar
232 1779 295 1817 sum
310 1759 479 1832 Familiaris,
494 1779 530 1818 ex
543 1760 598 1818 hac
613 1760 730 1832 familie,

82 1856 167 1915 Unde
181 1869 331 1914 exeuntem
347 1875 391 1914 me
407 1858 562 1932 aspexistis.
605 1857 690 1914 Hanc
704 1857 820 1914 domurn

82 1953 149 2011 Jam
163 1954 268 2011 multos
283 1973 372 2011 annos
386 1965 428 2012 est
442 1973 507 2012 cum
522 1955 664 2031 possiden,
680 1965 708 2012 et
723 1953 788 2010 colo

82 2051 226 2127 Patrique,
243 2070 350 2126 avoque
362 2051 418 2128 jam
434 2051 527 2127 hujus,
542 2051 589 2126 qui
605 2070 682 2108 nunc
699 2050 745 2107 hic
759 2050 851 2108 habet.
888 2054 905 2106 5

83 2149 142 2206 Sed
155 2148 225 2205 mihi
241 2167 307 2205 avos
320 2148 404 2224 hujus
417 2148 571 2205 obsecrans
585 2147 763 2205 concredidit

82 2245 264 2303 Thesaurum
281 2245 341 2302 auri
355 2245 430 2301 clam
444 2245 538 2302 omnis
548 2263 566 2330 :⁸
576 2245 605 2301 in
620 2245 715 2302 medio
730 2244 796 2302 soco

83 2341 210 2413 Desodit,
225 2360 363 2400 venerans
376 2359 432 2413 me,
447 2351 477 2398 ut
491 2341 521 2399 id
535 2359 674 2400 servarem
689 2341 752 2400 sibi.

82 2438 112 2497 Is
125 2439 260 2515 quoniam
275 2439 404 2509 moritur,
420 2438 458 2495 ita
472 2437 555 2494 avido
570 2437 686 2514 ingenio
699 2438 763 2509 fuir,

82 2533 240 2611 Nunquam
254 2533 381 2591 indicare
396 2532 425 2590 id
438 2532 498 2591 filio
512 2533 600 2590 voluit
614 2550 682 2590 suo:
891 2545 921 2594 1⁰

81 2631 258 2708 Inopemque
272 2630 379 2705 optarit
390 2631 486 2707 potius
499 2647 566 2688 eum
579 2629 748 2704 relinquere,

81 2727 180 2792 Quam
194 2743 261 2786 eum
273 2726 456 2785 Thesaurum
471 2737 707 2785 commonstraret
719 2725 786 2784 filio.

83 2825 155 2903 Agri
169 2824 285 2900 reliquit
298 2824 336 2882 eii
351 2843 408 2881 non
424 2843 557 2901 magnum
573 2824 698 2894 modum,

80 2923 152 2984 Quo
166 2941 232 2980 cum
246 2921 345 2979 labore
358 2939 472 2998 magno,
487 2931 516 2978 et
530 2921 633 2978 misere
647 2919 761 2976 viveret.

81 3019 139 3078 Ubi
153 3019 178 3077 is
191 3018 264 3077 obiit
278 3029 407 3091 mortem,
422 3019 471 3096 qui
484 3017 556 3076 mihi
570 3017 600 3074 id
613 3034 714 3074 aurum
728 3013 859 3085 credidit,
890 3021 920 3069 15

200 3135 218 3174 n
296 3117 316 3174 9
