2138 3386
110 249 150 308 3⁰
328 259 530 306 Anrnmuuo.
560 259 623 305 roe.
638 257 657 304 r.
677 257 754 304 son.
770 258 790 302 ι.

171 408 218 468 so.
246 409 315 468 Non
335 411 435 486 loquar
455 409 511 468 nisi
531 427 605 486 paee
624 409 699 467 faeti
701 408 840 484 ,quaudo
856 406 965 520 pugnis

308 507 352 564 lus
366 507 450 564 valeo.

109 603 227 662 ‘A'Msu
255 527 627 679 Dihito,'siqu1dr1suon
647 603 778 661 nocebo
810 603 859 661 So
886 601 963 660 Tuae

287 701 354 760 fidei
370 701 477 758 eredoi
516 699 573 758 Me.
602 699 685 758 Mem.

169 798 219 856 So.
246 798 339 869 Quid,
360 797 384 855 si
406 797 504 855 sallesi
544 796 601 855 Me.
629 796 708 854 Turn
728 796 891 854 Mercurius
909 797 964 854 So·

288 895 337 952 eiae
353 895 440 952 iratus
454 894 516 952 siet.

170 991 219 1052 So.
248 993 386 1050 Animum
415 991 548 1049 advorte:
576 1009 658 1049 nuno
680 990 748 1048 lieet
774 990 845 1048 mihi
872 989 964 1048 libere
1057 1047 1058 1054 ,

290 1089 402 1165 quidvis
414 1088 502 1163 loqui.

171 1186 390 1263 Amphitruonis
400 1203 455 1262 ego
468 1203 531 1242 eum
542 1203 638 1242 servos
649 1185 741 1243 Sosio.
783 1184 839 1243 Me.
864 1183 964 1242 Etiam

289 1283 404 1340 denuoi

171 1379 219 1438 So.
246 1378 352 1437 Pacem
366 1379 433 1451 feei,
448 1379 540 1436 soedus
553 1379 620 1450 feei,
631 1395 698 1436 vero
711 1377 786 1436 dieo.
827 1377 883 1436 Me.
905 1378 963 1435 Va-

288 1478 363 1553 pule.

112 1575 159 1627 240
171 1573 231 1632 So:
246 1573 285 1632 Ut
298 1574 386 1644 lubet,
398 1572 473 1648 quod
485 1572 538 1631 tibi
549 1572 629 1630 lubet
642 1573 698 1644 fue,
709 1571 844 1648 quoniam
857 1571 963 1648 pugnis

288 1671 352 1746 plus
367 1669 450 1728 voles.

171 1767 291 1841 Verum,
314 1777 344 1824 ut
367 1777 398 1824 ut
425 1785 455 1824 es
482 1766 618 1836 secturus,
640 1765 696 1822 hoe
722 1765 838 1840 quidem
865 1764 963 1822 hercle

291 1864 365 1921 hund
380 1863 507 1922 reticebo
521 1874 625 1919 tumen.

171 1961 228 2021 Me.
256 1961 305 2020 Tu
326 1981 372 2019 me
392 1961 472 2017 vivus
496 1959 581 2016 hodie
604 1976 750 2034 nunquam
772 1958 870 2030 facies,
890 1958 962 2033 quin

290 2059 342 2115 sim
359 2057 451 2116 Sosia.

172 2153 220 2212 So.
248 2154 336 2219 Certe
362 2153 472 2229 edepol,
499 2163 530 2210 tu
557 2169 604 2209 me
639 2151 776 2210 alienabis
805 2169 963 2227 nunquam,

290 2252 359 2326 quin
374 2261 470 2307 noster
484 2249 564 2319 siem,

172 2347 238 2406 Nee
259 2348 341 2406 uobis
360 2357 461 2422 praeter
482 2346 546 2404 med
562 2346 634 2403 elius
648 2346 796 2422 quisquam
811 2356 855 2403 est
868 2363 963 2403 servos

290 2445 382 2516 Sosia,

112 2542 234 2607 245οιιί
255 2561 320 2599 cum
341 2541 552 2618 Amphitruone
572 2540 640 2598 hine
661 2539 719 2597 unii
740 2540 827 2597 iorum
842 2539 872 2596 in
886 2557 963 2598 exer-

292 2650 390 2696 ortum·

172 2735 229 2795 Me.
259 2735 318 2792 Hie
339 2735 424 2791 homo
444 2753 530 2792 sanus
548 2751 606 2791 non
620 2744 671 2792 est
709 2711 762 2790 ⁸80.
787 2731 879 2794 Quod
894 2732 962 2790 mihi

290 2831 429 2907 praedioas
442 2831 551 2902 vitium,
566 2831 595 2887 id
610 2830 662 2888 tihi
676 2840 727 2887 est.

172 2926 265 3000 Quid,
281 2927 402 2984 malum!
423 2946 482 2985 nou
493 2945 555 2986 sum
570 2945 625 3004 ego
639 2943 735 2985 servos
744 2925 964 3002 Amphitruonis
1057 2953 1058 2984 ι

291 3024 396 3082 Sosiai
