2150 3386
258 227 449 274 nurunnrun.
478 229 539 274 ner.
555 229 596 273 1v.
616 229 691 275 sm.
706 229 727 276 9.
855 273 861 282 ,,
890 220 944 279 141

96 373 240 451 Equidem
254 395 397 453 quocum,
413 387 462 436 eut
475 377 525 435 ubi
544 377 609 451 sim,
623 389 672 437 eut
691 377 741 454 qui
762 377 826 450 sim,
840 395 889 436 ue·

215 493 290 549 queo
303 493 369 532 cum
384 474 480 532 auimo

97 568 216 628 Certum
251 571 429 649 investigare.
484 569 616 630 Obsecro
642 590 693 629 von
722 589 787 650 ego,
817 571 888 630 mihi

217 669 331 741 auxilio,

96 761 168 837 Oro,
183 765 318 836 obtestor,
333 764 404 836 sitis,
416 774 444 822 et
458 764 602 822 hominem
616 764 824 838 demonstretis,
838 765 886 841 qui

216 881 278 920 eam
294 863 449 934 abstulerit,
899 864 916 914 5

95 959 159 1022 Qui
174 959 276 1016 vestitu
294 970 323 1016 et
337 959 415 1016 creti
434 959 666 1030 occultantem,
683 969 767 1034 utque
787 958 888 1016 sedent

216 1056 295 1130 quasi
309 1055 365 1112 sint
380 1055 462 1132 frugi.

95 1151 179 1217 Quid
194 1153 235 1208 ais
249 1154 299 1208 tui
320 1152 371 1209 tibi
393 1153 508 1210 credere
529 1161 637 1209 certum
658 1161 717 1210 est:
739 1171 805 1209 nem
825 1169 888 1210 esse

215 1249 332 1319 bonum,
346 1267 362 1305 e
377 1249 455 1305 vultu
469 1267 622 1325 cognosco.

96 1345 178 1407 Quid
200 1347 261 1402 esti
286 1345 353 1419 quid
374 1344 492 1402 ridetis?
513 1345 578 1402 novi
599 1363 708 1416 omnes,
730 1343 791 1402 scio
811 1346 887 1403 fures

216 1459 278 1498 esse
293 1440 340 1497 hic
354 1441 523 1516 complures.

97 1537 185 1610 Hem,
199 1556 284 1594 nemo
298 1537 383 1594 habet
397 1538 514 1594 horum!
536 1536 676 1595 occidisti.
718 1537 776 1595 Dic
790 1537 886 1616 igitur,

216 1634 278 1708 quis
293 1633 395 1691 habeti
416 1633 525 1691 nescis!

98 1729 166 1788 Heu
181 1749 225 1787 me
240 1731 383 1801 miserum,
399 1730 548 1787 miserum!
570 1728 642 1804 perii
657 1729 730 1787 mele
743 1729 886 1805 perditus!

214 1846 345 1903 pessume
359 1837 475 1883 ornatus
489 1845 534 1899 eo,
900 1845 931 1896 1⁰

97 1923 226 1982 Tantum
246 1923 344 2000 gemiti
363 1932 391 1980 et
405 1923 485 1980 malae
506 1922 645 1981 moestitiae
667 1922 715 1980 hic
736 1922 797 1982 dies
818 1923 888 1982 mihi

216 2020 328 2091 obtulit,

98 2117 217 2174 Famem
243 2127 271 2174 et
297 2115 477 2192 pauperiem:
504 2115 722 2192 perditissumus
747 2135 802 2194 ego
825 2134 888 2174 sum

216 2214 343 2270 omnium
365 2212 498 2272 interni.

98 2308 177 2368 Nam
197 2309 264 2384 quid
286 2309 356 2366 mihi
380 2329 451 2387 opus
471 2319 514 2368 est
535 2309 602 2382 vitri,
624 2310 672 2386 qui
697 2320 806 2367 tantum
828 2309 889 2367 euri

216 2406 337 2481 perdidi,

97 2502 189 2565 Quod
204 2502 343 2558 custodivi
358 2503 478 2559 seduloi
520 2501 643 2579 Egomet
655 2521 700 2560 me
713 2501 888 2573 defraudavi,

99 2599 295 2673 Animumque
309 2617 413 2669 meum,
424 2598 596 2675 geniumque
611 2617 714 2657 meum.
755 2597 843 2656 Nunc
854 2616 890 2657 eo

219 2695 264 2751 elii
282 2694 469 2765 laetificantur,
901 2704 933 2754 15

101 2791 170 2849 Meo
184 2791 259 2848 malo
272 2802 300 2849 et
314 2791 434 2849 damno:
455 2791 512 2866 pati
526 2810 646 2866 nequeo.

100 2890 159 2965 Ly.
179 2888 308 2949 Quinam
323 2887 409 2944 homo
423 2887 470 2944 hie
485 2898 549 2945 unte
566 2887 635 2946 aedis
648 2897 759 2946 nostrus
778 2887 888 2964 ejulans

219 2983 401 3059 conqueritur
416 2985 556 3042 moerens?
