2138 3386
263 243 466 291 aurnr'rnuo.
496 246 559 290 ace.
574 244 592 290 1.
612 245 688 292 scra.
706 247 724 292 ι.
903 233 941 292 19

92 392 228 468 Superbi,
239 390 325 451 nimis
336 393 468 452 ferociter
479 394 588 470 legatos
598 405 710 452 nostros
720 394 878 470 increpant.

92 487 291 565 Respondent,
310 489 386 547 bello
406 509 437 547 se
456 500 485 547 et
505 509 572 548 suos
591 491 677 550 tutari
696 509 796 567 posse:
817 511 881 568 pro·

211 586 276 644 inde
291 587 332 643 uti

92 682 219 758 Propere
234 684 269 740 de
283 683 388 740 finibus
401 682 461 740 suis
475 684 617 742 exereitus
630 684 813 743 deducerent
892 693 924 746 6⁰

94 779 168 838 Heu
182 780 230 836 ubi
245 780 331 856 legati
342 780 492 854 pertulere,
503 780 677 856 Amphitruo
690 781 790 838 eastris
802 781 881 840 illieo

93 877 232 935 Produoit
251 895 365 934 ornnem
385 876 556 935 exereitum:
578 889 679 936 eontra
696 878 832 936 Teleboe
846 897 881 937 ex

212 975 316 1051 oppido

93 1071 238 1150 Legiones
252 1073 378 1130 educunt
391 1091 466 1142 sues,
478 1071 563 1129 nimis
574 1071 704 1147 pulchris
715 1073 799 1130 armis
812 1092 881 1149 prae·

212 1170 293 1228 dites.

93 1267 247 1342 Postquam
263 1267 393 1342 utrinque
407 1267 514 1324 exitum
529 1275 571 1324 est
586 1267 717 1324 maxume
730 1265 824 1342 oopid,

93 1363 244 1438 Dispertiti
258 1364 322 1434 viri,
337 1362 475 1438 dispertiti
491 1362 622 1420 ordines:
892 1365 925 1414 65

93 1459 157 1517 Nos
181 1470 292 1516 nostras
317 1477 395 1516 more
418 1469 514 1518 nostro
538 1470 567 1518 et
591 1459 676 1516 modo
698 1458 881 1518 instruximus

210 1556 346 1632 legiones.

92 1652 165 1712 Item
180 1653 275 1710 hostes
290 1663 390 1709 eontra
402 1651 530 1728 legiones
544 1671 610 1710 suas
624 1652 775 1710 instruunt.

93 1749 207 1808 Deinde
222 1750 333 1824 utrique
347 1749 531 1824 imperatores
545 1749 573 1806 in
589 1749 714 1808 medium
728 1757 832 1806 exeunt

93 1847 182 1904 Extra
196 1848 307 1903 turbam
322 1845 470 1913 ordinum;
492 1844 702 1919 colloquuntur.
745 1844 836 1903 Simul

7 1983 10 2052 l

7 1955 9 1980 l
93 1943 251 2012 Convenit3
273 1941 342 1999 vieti
357 1941 410 1999 utri
425 1941 482 1998 sint
496 1959 531 1998 eo
544 1940 652 2016 praelio,

8 2109 14 2126 .
92 2040 211 2109 Urbem,
226 2057 335 2115 agrurn,
351 2056 421 2107 aras,
437 2037 526 2108 loeus,
541 2037 683 2112 sequenti
699 2037 844 2098 dederent.

93 2137 247 2211 Postquam
276 2135 304 2191 id
332 2135 460 2204 aetu’est‚
487 2133 562 2193 tube
591 2133 724 2209 utrinque
756 2145 879 2194 canunt:

212 2242 312 2289 eontra

9 2339 11 2366 l
93 2330 241 2388 Consonat
254 2338 346 2385 terra:
367 2325 520 2384 clamorem
535 2325 668 2401 utrinque
682 2327 810 2386 efferunt.

93 2427 250 2503 Imperator
265 2425 397 2498 utrinque
411 2423 479 2479 hino
493 2434 521 2480 et
536 2421 615 2479 illine
629 2423 695 2480 Jovi

94 2523 169 2582 Vota
184 2523 338 2597 suscipere,
352 2520 457 2577 hortari
472 2519 646 2576 exereitum:
892 2531 924 2582 75

93 2620 150 2678 Pro
165 2637 196 2676 se
209 2620 338 2693 quisque,
355 2617 382 2673 id
396 2616 471 2690 quod
487 2616 607 2690 quisque
620 2626 713 2691 potest
726 2627 755 2674 et
768 2617 851 2691 valet,

12 2707 13 2710 ¹
93 2716 179 2786 Edit3
201 2714 275 2772 ferro
289 2713 371 2770 serit.
392 2713 449 2770 tela
463 2711 613 2788 frangunt:
636 2713 702 2771 boet

12 2871 13 2880 ,
94 2813 208 2871 Goelum
222 2810 336 2868 fremitu
350 2809 459 2866 virdrn:
480 2827 515 2865 ex
529 2808 629 2883 spiritu
644 2819 727 2884 atque
742 2810 867 2868 anhelitu

95 2907 210 2967 Nebula
223 2915 351 2964 constet:
373 2906 479 2962 eadunt
492 2905 615 2962 volneris
628 2905 654 2960 vi
669 2915 699 2962 et
711 2904 821 2962 virium.
895 2945 896 2950 κ

13 3035 15 3074 t
95 3005 238 3079 Denique,
253 3014 285 3060 ut
297 3001 448 3072 voluimus,
463 3009 560 3057 nostra
574 3010 688 3075 uperat
702 3017 818 3057 manus:
892 3007 925 3058 80
1004 3065 1008 3077 ι
