2150 3386
246 269 437 315 rotumum
466 269 527 314 roi.
543 267 584 314 ιν.
607 267 683 313 scu.
700 267 733 313 ιο.
889 255 945 314 147

95 417 155 479 Eu.
177 418 236 477 Hei
256 419 342 478 mihi!
368 418 445 494 quod
466 417 578 476 facinus
597 435 634 475 ex
652 428 681 475 te
701 435 756 495 ego
777 414 884 474 audio!

214 516 271 593 Ly.
293 516 353 572 Gur
367 515 477 592 ejulant

93 614 192 677 Quem
218 632 273 690 ego
301 631 381 670 avom
410 611 465 669 seoi
488 611 548 688 jam
571 621 603 668 ut
626 629 704 668 esses
726 610 792 668 filie
816 629 888 686 nup-

213 710 276 768 tiis:

93 807 124 866 N
128 825 171 865 am
186 819 236 864 tua
249 818 334 884 gnata
347 806 466 882 peperit,
481 806 604 864 decumo
624 824 722 863 mense
734 815 814 882 post:
835 823 887 862 nu·

212 921 322 960 merum
336 921 423 978 cape:

94 999 139 1058 Er
153 1019 183 1058 re
199 1001 348 1076 repudium
361 999 470 1057 remisit
484 998 640 1057 avunculus
654 998 742 1056 causat
756 997 829 1056 meri.

93 1097 207 1168 liutto,
223 1097 349 1172 exquire,
365 1097 440 1154 sitne
460 1096 509 1168 ita,
523 1106 555 1153 ut
574 1113 630 1173 ego
649 1095 783 1171 praedioo.
825 1094 884 1153 Eu.

212 1194 288 1252 Perii
302 1194 423 1270 oppido!
898 1199 930 1250 ⁷⁰

93 1291 140 1350 ltu
152 1288 223 1348 mihi
239 1291 272 1348 ad
289 1291 393 1348 malum
415 1290 496 1347 muloe
516 1307 563 1347 res
578 1289 708 1366 plurimu
722 1307 753 1346 se
767 1288 888 1366 aggluti-

213 1399 289 1446 narrt.

92 1484 148 1542 Ibo
170 1484 255 1556 intro,
279 1494 311 1543 ut
331 1483 401 1559 quid
425 1483 510 1560 hujus
533 1483 592 1542 veri
616 1483 784 1555 sitacium.
826 1483 885 1559 Ly.

199 1582 277 1639 ·Jum
290 1591 320 1639 te
333 1597 442 1656 sequor.

94 1676 168 1736 Hero
189 1677 395 1753 propemodum
416 1669 475 1754 jem
494 1694 558 1734 esse
578 1676 609 1733 iu
629 1675 701 1733 vado
721 1675 821 1733 salutis
833 1671 887 1732 ¹ros

214 1773 332 1831 videtur.

93 1869 184 1928 Nono
205 1887 314 1928 servom
336 1889 398 1927 esee
420 1869 468 1927 ubi
488 1867 583 1926 diuam
604 1885 700 1926 meum
718 1867 886 1940 Strobilum,

212 1985 270 2023 non
285 1965 403 2042 reperio.

92 2059 161 2120 Nisi
173 2062 260 2120 etiam
276 2062 323 2120 hio
343 2062 474 2139 opperior
493 2072 590 2120 tamen
608 2060 768 2138 paulisper3
788 2071 888 2138 postea

213 2159 288 2215 intro
898 2171 930 2220 75

93 2253 184 2312 Hunc
198 2255 363 2330 subsequar.
404 2253 494 2313 Nunc
504 2255 618 2313 interim
629 2254 760 2332 spacium
774 2253 801 2312 ei
811 2251 903 2312 dabo'

211 2351 379 2428 exquirendi

92 2445 195 2507 Meum
215 2449 321 2506 sautum
342 2467 377 2506 ex
389 2459 490 2526 gnato
509 2448 665 2526 pedisequi
685 2448 798 2506 nutrioe
819 2466 885 2508 auu.

212 2544 254 2604 Ea
269 2563 329 2603 rem
344 2545 431 2604 novit
