2138 3386
269 267 474 315 nmmrnoo.
502 268 565 313 ici.
580 267 599 316 1.
620 269 696 314 sorr.
712 268 732 314 1.
909 253 945 312 81

98 411 205 473 Nonne
231 416 287 474 hoo
311 427 400 474 nootu
428 427 524 476 nostre
552 414 632 475 navis
659 417 716 474 lruo
743 433 779 476 ex
804 424 888 492 portu

216 511 335 570 Persico

98 607 196 681 Venit,
217 629 280 684 quie
300 629 356 668 me
372 610 505 670 advexitl
533 629 630 668 nonne
654 628 700 668 me
725 610 782 668 huo
802 609 889 668 herus

217 706 294 762 misit
308 709 408 764 meusl

97 799 204 858 Nonne
225 820 279 878 ego
299 821 377 860 nono
398 803 446 862 hio
459 814 503 861 sto
518 813 583 862 ante
597 802 666 861 aedls
679 803 809 860 nostrast
829 821 887 860 non

218 899 288 956 milri
302 913 344 957 est
358 900 467 957 laterna
481 901 510 957 in
525 902 631 958 manul
900 899 947 948 Ἣ)

97 991 168 1052 Non
188 994 308 1070 loquorl
331 1015 389 1053 non
409 997 516 1074 vigilol
545 1016 604 1056 non
624 997 673 1054 hio
694 997 781 1054 homo
802 996 888 1054 morlo

217 1110 262 1148 me
275 1094 379 1170 pugnis
392 1093 542 1151 contuditl

98 1185 183 1246 Fecit
196 1188 306 1259 herole;
327 1209 393 1248 nom
415 1190 500 1248 etiam
521 1190 625 1248 misero
646 1208 724 1246 nuno
744 1189 825 1247 mnlae
839 1189 889 1258 do·

217 1284 285 1342 lent.

96 1381 181 1444 Quid
195 1382 280 1459 igitur
295 1401 349 1458 ego
363 1383 482 1440 dubitol
504 1393 552 1440 out
573 1401 625 1440 eur
645 1401 703 1440 non
725 1383 836 1441 introeo
857 1382 887 1441 in

217 1490 340 1536 nostram
355 1479 471 1535 domum
482 1480 494 1537 l

97 1575 155 1634 Mn.
181 1575 273 1647 Quid,
285 1576 399 1633 domum
415 1577 558 1634 vostraml
598 1576 647 1634 so.
674 1576 719 1634 Ita
732 1576 885 1634 enimvero.

217 1672 273 1730 Me.
300 1672 382 1733 Quin
397 1691 460 1748 quae
474 1673 569 1730 dixisti
586 1673 680 1744 modo,

97 1767 207 1826 Omnia
220 1769 380 1827 ementitus.
422 1769 564 1845 Equidem
576 1770 660 1826 Sosia
668 1768 888 1845 Amphitruonis

217 1885 288 1923 rum.
899 1875 946 1924 255

96 1960 175 2024 Nom
196 1972 283 2020 nootu
304 1962 359 2020 hoo
378 1962 471 2021 soluta
491 1971 535 2020 est
554 1961 634 2020 naris
655 1971 751 2018 nostra
768 1979 786 2018 e
802 1971 887 2037 portu

216 2059 349 2116 Persico:

96 2156 136 2216 Et
150 2155 200 2214 ubi
214 2155 327 2214 Pterela
345 2174 396 2213 rex
413 2155 552 2234 regnarit,
567 2153 703 2230 oppidum
717 2153 888 2230 expugnari·

216 2271 294 2322 mus3

99 2351 136 2408 Et
149 2349 279 2426 legiones
292 2349 484 2407 Teloboarum
499 2347 526 2405 vi
540 2347 694 2423 pugnando
708 2347 844 2422 cepimus.

98 2447 136 2505 Et
157 2448 235 2524 ipsus
248 2447 422 2521 Amphitruo
442 2445 622 2502 obtruncavit
636 2462 732 2520 regem
745 2442 887 2500 Pterelam

218 2543 247 2600 in
260 2542 368 2618 praelio,

98 2641 147 2699 So.
176 2639 299 2718 Egomet
319 2639 389 2696 mihi
408 2655 468 2695 non
488 2637 585 2709 oredo,
606 2655 693 2712 quum
714 2634 789 2694 illaeo
810 2645 890 2692 nutu·

218 2755 294 2794 more
308 2736 386 2793 illum
403 2735 496 2792 audio.
901 2741 948 2790 260

100 2834 159 2894 Hie
179 2834 294 2910 quidem
315 2842 403 2902 certe,
417 2849 480 2905 quae
501 2830 561 2888 illio
581 2840 648 2888 sunt
662 2849 707 2888 res
720 2839 818 2907 gestae,
833 2845 890 2886 me·

216 2941 308 2988 morat
322 2929 493 2986 memoriter.
