2138 3386
132 209 172 268 ὦ
351 221 556 270 nunurunuo.
584 224 647 270 Aer.
665 223 692 268 v.
712 223 788 268 sear.
806 223 826 269 r.

191 370 255 433 Qui
276 383 342 430 aute
362 373 432 430 edis
452 373 621 436 nostraene
637 373 735 451 jncett
756 391 894 432 numnam
910 372 993 432 huuc

309 470 451 544 percussit
464 471 483 528 J
486 471 617 547 uppiteri
971 481 974 486 '

193 565 289 624 Credo
303 567 421 643 edepol:
442 587 520 640 uum,
533 569 606 644 proh
623 567 642 626 J
644 567 771 644 uppiter!
792 567 922 652 sepultup
936 579 992 638 est,

311 665 390 739 quasi
405 664 442 722 eit
456 676 593 723 mortuus.

192 759 245 818 Ibo
265 773 294 819 et
315 781 488 838 cognoscam
510 759 638 838 quisquis
656 772 707 820 eet.
749 762 926 839 Amphitruo
941 762 992 820 hic

311 859 427 934 quidem
441 871 484 917 cst
498 859 583 917 herus
597 878 686 918 meus.

192 956 384 1032 Amphitruo!
435 955 500 1015 Am.
529 956 624 1016 Perii!
678 957 735 1016 Br.
766 958 891 1034 Surge·
920 956 989 1016 Ant.

311 1053 427 1112 interii!
475 1053 532 1112 Br.
554 1053 636 1112 Cedo
656 1073 781 1112 manum.
823 1053 889 1112 Am.
909 1053 991 1115 Quis

311 1169 356 1208 me
371 1151 468 1208 teneti

147 1251 179 1300 25
190 1248 248 1307 Br.
269 1247 337 1304 Tua
351 1247 468 1305 Bromie
482 1247 596 1306 ancille.
637 1246 702 1306 Am.
724 1247 820 1306 Totus
833 1249 932 1321 timeo,
951 1251 990 1306 itu

309 1364 355 1402 me
370 1345 514 1420 increpuit
526 1345 667 1421 Juppiter.

191 1441 258 1514 Nec
278 1461 362 1500 secus
383 1454 435 1514 est,
456 1461 543 1517 quam
567 1443 592 1501 si
616 1443 652 1500 nb
674 1443 843 1502 Acherunte
864 1444 988 1502 veniam.

310 1539 368 1596 Sed
382 1539 451 1614 quid
465 1551 496 1596 tu
511 1541 587 1598 sores

191 1637 316 1714 Egressn
335 1639 386 1694 esi
435 1637 492 1696 Br.
518 1637 629 1695 Eadem
652 1657 705 1695 nos
729 1638 851 1696 formido
871 1639 989 1698 timidus

309 1746 416 1792 terrore
431 1735 559 1811 impulit:

190 1831 225 1890 In
246 1833 364 1904 edibus,
380 1833 429 1889 ubi
450 1844 481 1890 tu
498 1832 619 1904 habitae,
633 1831 723 1890 nimiu
737 1834 811 1893 mire
823 1831 890 1890 vidi.
933 1835 987 1892 Vae

309 1931 396 1987 mihi!

190 2027 375 2103 Amphitruo,
397 2027 436 2084 ita
456 2025 527 2083 mihi
552 2026 664 2084 enimus
688 2026 774 2084 etium
796 2045 875 2084 nunc
896 2027 984 2086 abest

308 2123 373 2182 Am.
396 2123 529 2200 Agedum
544 2123 654 2198 expedi.
751 2111 753 2118 ¹

146 2223 177 2276 ³⁰
191 2221 270 2280 Scin'
287 2240 333 2278 rue
347 2231 428 2302 tuum
438 2239 501 2278 esse
514 2221 613 2278 herum
625 2220 887 2297 Amphitruonem?
927 2221 985 2280 Br.

309 2317 387 2376 Scio.
438 2316 502 2375 Am.
532 2317 637 2376 Vidcn'
663 2318 750 2376 etiem
777 2320 877 2377 nuuct
927 2318 985 2378 Br.

309 2415 387 2473 Scio.

190 2511 256 2572 Am.
286 2511 360 2570 Haec
383 2512 446 2569 sole
469 2531 567 2570 sanam
591 2523 717 2570 mentem
738 2523 830 2589 gestet
855 2531 985 2570 meorum

310 2609 500 2668 familiarium.

192 2705 247 2766 Br.
269 2705 362 2764 Immo
384 2725 483 2764 omnes
504 2705 567 2764 seni
588 2717 655 2764 sunt
676 2707 814 2783 profecto.
855 2706 921 2767 Am.
946 2709 986 2768 At

274 2828 277 2844 ·
311 2802 670 2861 meuxorinsunumsacit

191 2899 259 2958 Suis
280 2899 362 2958 fedis
383 2899 474 2958 sactis.
514 2899 571 2958 Br.
593 2900 634 2959 At
653 2919 709 2978 ego
729 2899 843 2974 faciem,
857 2913 888 2959 tu
907 2901 985 2962 idem

310 3007 342 3054 ut
356 2996 437 3055 aliter
449 2996 598 3073 predicee,
