2138 3386
270 226 467 274 AULULARIA.
496 227 558 272 Aci.
575 225 605 272 11.
625 225 701 272 Scrn.
715 225 738 270 2.

106 372 164 430 Me.
186 372 236 431 Pol
252 375 275 432 si
290 385 333 433 est
347 377 458 434 animus
472 395 569 451 aequue
583 375 645 448 tibi,
656 374 725 433 satie
738 374 837 446 habes,
849 370 898 447 qui

226 471 298 529 bene
313 473 399 530 vitam
413 473 500 531 colae.
911 476 944 526 1⁰

107 563 169 622 Eu.
193 566 277 624 Anus
297 567 394 624 hercle
415 567 483 625 huio
507 566 647 625 indicium
667 567 735 626 lecit
755 566 792 625 de
812 583 898 622 auro:

224 663 375 738 perspicue
388 663 481 739 palam
495 672 546 721 est.

107 757 164 814 Cui
179 776 233 835 ego
243 759 302 835 jam
315 759 442 837 linguam
456 759 620 835 praeoidam,
636 768 720 834 atque
740 757 840 815 oouloe
860 758 899 817 es·

228 855 334 913 fodiam
348 856 435 914 domi.

106 949 165 1008 Me.
185 949 267 1012 Quid
282 962 311 1010 tu
332 953 409 1010 solus
429 963 524 1011 tecum
544 952 680 1027 loquerel
719 951 780 1010 Eu.
802 950 900 1009 Meam

226 1049 390 1124 pauperiem
405 1068 573 1126 conqueror.

106 1144 258 1221 Virginem
274 1145 365 1203 habeo
378 1146 525 1223 grandem,
539 1146 606 1204 dote
627 1157 848 1222 pessummque
868 1145 900 1203 il·

225 1241 387 1315 looabilem,

106 1335 212 1412 Neque
235 1357 298 1395 eam
322 1357 395 1414 queo
416 1339 512 1406 locare
532 1339 674 1415 cuiquam.
715 1339 772 1398 Me.
797 1338 897 1397 Tace:

227 1435 333 1492 bonurn
348 1436 421 1493 habe
436 1436 572 1507 animum,
587 1435 708 1496 Euclio:
897 1451 899 1457 ⁴
912 1431 943 1482 15

107 1531 248 1588 Dabitur:
270 1532 439 1608 adjuvabere
453 1552 470 1590 a
483 1552 545 1591 me:
566 1533 614 1592 dio
628 1533 653 1590 si
670 1533 737 1609 quid
753 1552 826 1610 opus
845 1543 898 1606 eet,

228 1628 342 1705 impera.

106 1723 168 1782 Eu.
190 1723 279 1782 Nuno
296 1725 376 1800 petit,
392 1744 477 1800 quom
497 1726 665 1802 pollicetur:
686 1725 778 1784 inhiat
798 1745 899 1783 aurum

227 1831 259 1878 ut
272 1821 395 1880 devoret.
485 1863 487 1870 ι

108 1917 210 1976 Alteri
224 1937 310 1974 manu
324 1918 378 1975 fert
390 1918 524 1994 lapidem,
538 1936 641 1994 panem
654 1928 778 1976 ostentat
792 1919 888 1977 altera.

108 2014 228 2072 Nemini
242 2014 339 2085 oredo,
354 2014 403 2089 qui
417 2015 495 2092 large
509 2014 654 2072 blandu’st
667 2015 746 2072 dives
759 2015 885 2091 pauperi.

107 2111 166 2168 Ubi
187 2129 303 2168 manum
325 2111 419 2187 injioit
438 2111 571 2188 benigne,
596 2110 635 2168 ibi
656 2121 757 2169 onerat
777 2112 900 2186 aliquam

230 2207 361 2266 zamiam.
911 2209 944 2259 20

108 2304 175 2382 Ego
189 2305 258 2361 istos
275 2303 342 2361 novi
356 2304 484 2380 polypos,
498 2305 549 2380 qui
568 2305 624 2363 sibi
644 2304 781 2382 quioquid
801 2305 901 2384 tetige·
1024 2370 1028 2380 ‚

228 2400 295 2471 rint,
309 2410 416 2458 tenent.

108 2497 166 2555 Me.
188 2496 235 2555 Da
247 2497 317 2554 mihi
331 2514 445 2572 operam
455 2516 615 2574 parumper.
655 2497 770 2572 Paucis,
784 2497 900 2569 Euclio,

227 2604 270 2650 est
284 2593 359 2668 quod
373 2602 402 2650 te
415 2593 483 2650 volo

108 2688 156 2747 De
169 2689 315 2746 communi
328 2707 360 2747 re
375 2689 524 2765 appellare,
538 2689 603 2748 merl
621 2700 651 2748 et
662 2690 721 2748 tul.
761 2690 822 2751 Eu.
844 2689 902 2748 Hei

228 2785 332 2844 misero
346 2785 432 2843 mihil

108 2883 223 2940 Aurum
249 2881 318 2938 mihi
343 2881 420 2938 intus
443 2883 627 2960 harpagatum
652 2891 704 2940 eat.
744 2880 833 2939 Nnuo
853 2882 902 2940 hio

228 2995 291 3036 eam
305 2996 364 3036 rem
378 2978 445 3049 volt,
459 2977 530 3050 scio,
