2150 3386
245 236 440 282 AULULARIA.
470 236 532 281 Act.
547 233 591 278 111.
611 233 686 278 Seu.
701 230 723 276 6.
882 219 938 277 129

388 459 510 544 sonim
532 487 580 542 vn

217 659 219 671 ¹
307 675 430 734 Eoonro.
459 673 658 732 Mnennonns.

125 867 186 928 Eu.
207 869 237 926 N
239 887 331 928 miron
345 869 478 925 lubentur
492 867 538 926 edi
552 883 711 924 sermonem
725 875 814 922 tuum.

85 967 143 1026 Me.
171 966 260 1023 Ain’t
290 965 443 1022 audivisti?
483 963 542 1021 Eo.
570 963 667 1038 Usque
695 961 874 1038 sprinoipio

204 1063 308 1120 omnia.
350 1062 406 1119 Me.
428 1061 550 1132 Tamen,

84 1159 111 1216 Ε
126 1177 191 1216 meo
204 1159 318 1234 quidem
335 1159 439 1229 animo,
456 1159 600 1232 eliquanto
614 1156 702 1214 sanias
715 1156 833 1226 rectius,

85 1256 118 1314 Si
132 1256 249 1312 nitidior
263 1256 302 1312 sis
315 1255 380 1312 fitiae
395 1255 508 1330 nuptiis.

83 1351 144 1409 Eu.
166 1351 222 1409 Pro
236 1371 267 1408 re
281 1352 412 1422 nitorem,
427 1363 455 1408 et
469 1352 586 1428 gloriam
601 1371 653 1428 pro
667 1350 759 1426 oopio.
885 1359 901 1406 5

82 1448 146 1510 Qui
160 1449 274 1518 hebent,
290 1448 471 1505 meminerint
485 1467 546 1506 sese
561 1449 637 1506 unde
650 1447 764 1506 oriundi
778 1446 859 1504 sient.

83 1544 188 1620 Neque
219 1545 276 1620 pol,
304 1544 471 1622 Megadore,
504 1545 584 1617 mihi,
612 1563 705 1621 neque
739 1543 874 1619 cuiquam

199 1642 327 1718 pauperi,

82 1738 230 1814 Opinione
244 1739 345 1796 melios
359 1757 405 1796 res
418 1748 527 1796 structa
540 1749 583 1796 est
597 1737 683 1796 domi.
718 1789 722 1795 .

82 1834 139 1893 Me.
161 1834 254 1892 Immo
268 1845 319 1906 est,
335 1847 363 1892 et
377 1835 417 1891 dii
432 1835 537 1892 saciant
551 1834 592 1892 uti
607 1834 670 1905 siet,

83 1931 152 1989 Plus
165 1933 284 2007 plusque
299 1933 372 1989 istuo
386 1931 524 2007 sospitent
538 1932 613 2006 quod
627 1949 705 1988 nuno
719 1930 814 1988 habes.
887 1953 918 2002 10

82 2027 143 2086 Eu.
165 2027 240 2085 Illud
256 2029 326 2086 mihi
340 2030 457 2086 verbum
471 2048 529 2085 non
542 2029 647 2104 planet,
663 2027 781 2089 “Quod
795 2045 874 2085 nuno
911 2085 916 2095 ,

201 2124 315 2183 habes.”

82 2220 160 2278 Tam
181 2222 236 2278 hoo
257 2221 311 2279 soit
330 2240 375 2279 me
393 2221 508 2293 habere,
522 2240 607 2298 quam
628 2231 749 2299 egomet.
791 2221 874 2278 Anus

203 2318 270 2376 seoit
289 2317 390 2394 pelam.

82 2413 141 2472 Me.
162 2413 243 2476 Quid
258 2424 288 2471 tu
303 2424 331 2471 te
346 2415 422 2472 solus
436 2434 453 2472 e
466 2424 566 2472 senatu
581 2416 717 2472 sevooasi

82 2510 144 2569 Eu.
169 2510 218 2568 Pol
245 2529 299 2588 ego
322 2520 350 2568 te
374 2521 405 2568 nt
426 2530 559 2568 accusem
582 2511 684 2568 merito
707 2511 873 2569 meditabar.

202 2607 258 2666 Me.
279 2608 361 2670 Quid
376 2609 438 2666 est?

82 2704 144 2763 Eu.
168 2705 252 2766 Quid
272 2705 319 2776 sit,
340 2723 386 2762 me
407 2705 533 2782 rogitas?
553 2704 602 2780 qui
624 2705 694 2762 mihi
714 2701 807 2763 omnis
828 2722 875 2761 an·

202 2801 284 2878 gulos
888 2810 918 2858 15

82 2897 193 2956 Forum
208 2898 358 2973 implevisti
373 2897 402 2954 in
417 2897 526 2954 aedibus
540 2897 645 2955 misero
659 2897 746 2955 mihi:

80 2995 145 3058 Qui
161 2994 339 3052 intromisisti
354 2994 382 3051 in
397 2994 506 3051 aedibus
519 2994 691 3070 quingentos
705 3010 822 3067 coquos,
