2150 3386
134 213 190 274 108
350 221 546 275 AULULARIA.
576 228 638 273 Aer.
653 229 684 274 11.
705 229 781 274 Scsn.
795 229 818 274 2.

145 384 178 435 25
192 374 308 434 Mecum
332 377 410 435 adire
432 377 467 435 nd
487 377 668 454 pactionem:
692 396 790 435 verum
815 376 985 435 intervisam

307 474 431 532 domum.

189 567 246 628 Hc.
266 569 337 632 Quo
352 571 433 629 ubist
472 570 532 629 Eu.
554 569 620 628 Jom
641 571 676 627 ad
696 580 725 628 te
739 579 882 628 revortar:
904 589 986 628 nom·
1052 635 1054 642 Α

307 686 362 743 que
376 668 507 743 estquod
521 667 609 724 visam
624 668 748 725 domum.

188 763 245 822 Me.
267 763 363 821 Credo
377 764 487 840 edepol,
501 763 552 821 ubi
566 765 740 822 mentionem
754 781 809 840 ego
827 762 928 820 secero
948 762 985 820 de

306 861 373 930 filie,

190 955 264 1014 Mihi
278 968 310 1014 ut
323 957 505 1032 despondeat,
520 974 582 1015 sese
597 975 613 1013 a
626 975 672 1013 me
686 955 808 1013 derideri
823 953 943 1012 rebitur.

104 1041 105 1044 ¹
189 1052 293 1128 Neque
307 1053 356 1110 iilo
370 1054 519 1130 quisquam
533 1063 576 1111 cst
587 1053 657 1110 niter
667 1052 752 1110 hodie
766 1071 801 1110 ex
814 1062 984 1128 paupertate

306 1151 428 1225 parcior.

145 1257 177 1308 3ο
189 1245 249 1304 Eu.
270 1244 309 1302 Di
325 1264 370 1302 me
390 1255 511 1318 servunt,
526 1246 601 1303 solva
615 1264 660 1303 res
681 1255 740 1303 est:
761 1245 869 1302 salvom
889 1255 944 1316 est,
958 1244 982 1302 si

306 1342 374 1417 quid
388 1361 447 1398 uon
460 1343 541 1418 perit.
642 1379 647 1388 -

185 1431 219 1496 'N
221 1438 285 1496 imis
299 1439 372 1496 male
386 1438 476 1496 timui.
517 1438 685 1514 Priusquam
701 1439 776 1496 intro
790 1437 872 1510 redii,
887 1438 982 1496 exani·

306 1544 399 1593 matus
412 1534 461 1592 sui.

190 1631 294 1690 Redeo
318 1631 353 1688 od
377 1641 415 1702 te,
438 1630 603 1708 Megadoro,
624 1631 649 1688 si
670 1631 738 1707 quid
763 1631 880 1689 meris.
923 1631 980 1690 Me.

308 1727 337 1784 H
340 1729 410 1785 abeo
424 1729 554 1806 gratiam.

188 1824 305 1887 Quaeeo‘
319 1825 396 1900 quod
410 1835 438 1883 te
451 1825 651 1900 percontabor,
665 1843 702 1882 ne
722 1825 750 1882 id
766 1835 794 1882 tc
807 1823 905 1902 pigeat
919 1843 982 1900 pro·

307 1921 394 1996 loqui.

190 2017 251 2076 Eu.
272 2017 349 2075 Dum
363 2017 479 2093 quidem
492 2036 529 2075 ne
543 2017 611 2093 quid
621 2017 809 2093 perconteris,
820 2018 898 2093 quod
909 2017 981 2076 mihi

248 2150 251 2162 -
308 2133 366 2172 non
380 2115 477 2172 lubeat
488 2113 629 2190 proloqui.

147 2221 178 2272 85
191 2209 247 2269 Me.
269 2210 326 2269 Dic
341 2211 420 2282 mihi,
435 2211 512 2286 quali
527 2229 573 2268 me
587 2212 723 2269 arbitrare
743 2229 848 2290 genere
860 2229 982 2288 progne·

308 2309 390 2365 turni
429 2307 489 2365 Eu.
512 2307 602 2364 Bono.

191 2402 249 2463 He·
268 2402 352 2465 Quid
371 2403 447 2461 fidet
486 2402 546 2460 Eu.
569 2403 658 2462 Boni.
700 2403 755 2460 Mc.
775 2402 859 2465 Quid
879 2403 981 2461 factisi
1008 2443 1015 2455 ,

309 2499 369 2557 Eu.
381 2499 484 2574 Neque
497 2499 588 2571 malis,
603 2517 696 2574 neque
710 2499 855 2575 improbis.

192 2595 248 2655 Mc.
271 2595 397 2654 AEtntem
417 2615 510 2653 meam
531 2595 607 2654 scisi
647 2595 706 2654 Eu.
729 2597 800 2654 Scio
819 2614 881 2654 esse
901 2615 981 2674 gran·

310 2693 386 2762 dem,
401 2691 499 2748 itidem
514 2703 545 2748 ut
557 2693 720 2767 pecuniam.

192 2787 249 2848 Mc
274 2787 361 2844 Certe
381 2786 481 2862 edepol
502 2788 635 2862 equidem
657 2775 686 2846 'te
708 2789 800 2846 civem
821 2791 884 2846 sine
908 2789 980 2846 moiri
1012 2783 1018 2802 ”

311 2881 389 2938 omni
403 2881 513 2938 melitii
