2150 3386
142 219 196 277 132
327 229 333 252 ⁸
356 225 545 275 AULULARIA.
574 229 635 275 nov.
653 227 692 274 rv.
714 229 788 274 scm.
804 228 824 274 1.

168 380 184 426 5
198 377 251 435 Sin
265 378 406 448 dormitet,
418 377 457 436 ita
470 378 613 448 dormitet,
625 396 735 436 servom
749 397 810 435 sese
825 386 856 434 nt
868 375 987 454 cogitet.
1064 439 1066 442 ,

196 475 226 532 N
229 493 273 532 am
287 475 335 549 qui
351 475 454 532 amanti
470 476 538 532 hero
552 477 716 533 servitutem
729 475 823 546 servit,
835 475 918 550 quasi
932 493 989 552 ego

313 571 414 644 servio,

197 668 230 726 Si
249 669 347 725 herum
361 669 437 726 videt
456 687 589 744 superare
604 687 739 740 amorem,
754 667 809 725 hoo
828 666 903 725 servi
923 685 989 726 esse

315 764 439 821 officium
455 783 527 836 reor,

197 859 336 918 Retinere
358 861 391 917 ad
413 860 548 918 salutem:
572 879 630 918 non
650 880 726 930 eum,
748 879 805 936 quo
825 860 986 932 incumbat,

313 975 348 1014 eo
369 957 520 1032 impellere.

196 1052 289 1115 Quasi
309 1053 399 1130 pueri,
422 1054 470 1128 qui
490 1073 558 1111 nare
579 1054 703 1128 discunt,
725 1051 836 1128 scirpea
856 1052 987 1111 induitur

313 1151 391 1220 ratis,

154 1253 183 1304 10
195 1245 258 1308 Qui
269 1246 398 1304 laborent
408 1246 517 1304 minus:
538 1247 650 1305 facilius
663 1257 695 1304 ut
705 1257 791 1304 nent:
812 1255 842 1303 et
851 1256 987 1304 moveant

314 1361 428 1400 manus:

195 1438 305 1498 Eodem
333 1441 418 1496 modo
441 1457 551 1497 servom
574 1449 664 1497 ratem
691 1457 752 1497 esse
780 1438 886 1497 amanti
913 1439 987 1497 hero

313 1555 422 1610 aequom
444 1553 557 1607 censeo,

195 1632 233 1691 Ut
247 1633 356 1704 toleret,
371 1650 407 1689 ne
420 1650 532 1708 pessum
548 1633 638 1704 abeat,
653 1642 787 1707 tunquam
801 1631 818 1665 *
840 1631 857 1665 *

196 1729 296 1788 Herile
307 1729 456 1805 imperium
471 1728 589 1800 ediscat,
601 1739 632 1787 ut
642 1730 718 1805 quod
729 1729 806 1787 frons
817 1730 893 1802 velit,
905 1729 986 1790 oculi

312 1827 419 1896 sciant3

193 1922 283 1985 Quod
299 1923 406 2000 jubeat,
421 1922 486 1980 citis
506 1922 651 2000 quadrigis
671 1922 756 1980 citius
775 1933 908 1999 properet
920 1943 986 2001 per-

311 2020 400 2095 sequi.

152 2127 182 2176 15
193 2115 254 2178 Qui
269 2135 303 2174 ea
317 2116 436 2187 curabit,
452 2114 603 2173 abstinebit
617 2115 752 2172 censione
766 2115 881 2173 bubuli.

194 2213 260 2271 Nec
282 2214 333 2270 suti
357 2213 443 2289 operil
464 2211 576 2289 rediget
599 2230 724 2287 unquam
747 2211 777 2298 in
801 2213 984 2288 splendorem

311 2308 470 2384 compedes.

194 2403 282 2462 Nunc
303 2404 388 2462 herus
411 2424 490 2463 meus
515 2415 589 2463 amat
613 2404 699 2462 filiam
724 2404 808 2481 hujus
830 2403 985 2466 Euclionis

310 2517 458 2576 pauperis:

193 2594 265 2654 Eam
288 2595 356 2653 hero
379 2613 457 2653 nuno
481 2596 678 2654 renunciatum
703 2606 746 2654 est
768 2607 888 2674 nuptum
910 2597 984 2658 huic
1065 2625 1066 2638 ¹

310 2691 466 2768 Megadoro
480 2692 549 2749 dari.

192 2787 222 2845 Is
235 2787 410 2864 speculatum
425 2787 481 2844 huc
495 2788 572 2846 misit
585 2807 640 2859 me,
652 2798 692 2860 ut,
703 2808 766 2863 quae
780 2789 889 2862 fierent,
900 2790 983 2850 fieret

308 2881 457 2958 particeps.
717 2893 719 2898 ’

1063 745 1066 784 l
