2138 3386
346 241 379 288 ΙΝ
399 240 672 288 AMPHITRUONEM.
776 253 787 262 ”
922 231 954 289 ll

111 391 140 450 Ν
143 411 187 450 am
201 391 269 467 quid
283 411 338 470 ego
351 410 516 462 memorem,
531 401 563 448 ut
577 391 648 449 alios
662 390 691 448 in
704 389 851 468 tragoediis

7 479 8 492 ¹
111 490 188 561 Vidi,
203 489 381 564 Neptunum,
395 489 549 560 Virtutem,
564 488 733 560 Victoriam,

112 584 245 657 Mortem,
261 586 419 656 Bellonam,
434 604 658 642 commemorare
672 604 734 661 quae
750 585 825 644 bona

111 682 201 740 Vobis
215 683 368 740 fecissentl
388 681 454 757 quis
468 681 624 740 benefactis
637 700 718 738 meus
731 691 820 758 pater,

110 779 237 837 Deorum
252 791 394 856 regnator,
410 779 583 836 architectus
596 779 737 837 omnibus.
912 782 944 830 45

111 877 169 936 sed
182 896 244 934 mos
258 895 403 951 nunquam
419 876 478 934 illic
493 875 545 932 fuit
558 875 629 950 patri
645 893 718 947 meo,

110 971 149 1031 Ut
159 973 344 1049 exprobraret
358 971 434 1047 quod
448 972 530 1029 bonis
545 973 651 1029 faceret
665 970 741 1030 boni.

109 1071 230 1128 Gratum
245 1071 394 1126 arbitratur
408 1087 471 1127 esse
484 1069 513 1126 id
529 1069 638 1126 avobis
651 1069 715 1140 sibi,

110 1167 273 1242 Meritoque
286 1167 366 1224 vobis
380 1169 455 1224 bona
468 1185 499 1224 se
514 1167 607 1224 lacere
621 1185 684 1241 quae
700 1167 775 1224 facit.

110 1263 200 1322 Nunc
220 1283 304 1339 quam
327 1283 386 1321 rem
403 1273 514 1320 oratum
535 1263 591 1320 huc
610 1263 684 1335 veni,
699 1263 822 1338 primum
836 1281 900 1339 pro·

227 1360 342 1436 loquar:
912 1367 944 1415 50

109 1456 178 1514 Post
193 1468 389 1532 argumentum
404 1456 487 1532 hujus
501 1456 617 1532 eloquar
631 1455 802 1532 Tragoediae.

108 1553 192 1615 Quid
206 1553 386 1610 contraxistis
400 1553 540 1611 fronteml
561 1553 630 1628 quia
643 1552 828 1630 Tragoediam

7 1637 9 1660 ⁸
110 1650 178 1708 Dixi
194 1650 316 1708 luturam
332 1651 425 1708 hancl
446 1650 526 1714 Deus
540 1670 620 1708 sum:
642 1662 854 1708 commutavero

109 1747 239 1805 Eandem
255 1749 339 1816 hanc,
354 1747 377 1804 si
392 1747 490 1804 voltis:
513 1748 626 1817 faciam,
642 1765 676 1805 ex
690 1747 846 1824 Tragoedid

109 1843 260 1902 Comoedia
273 1855 304 1900 ut
318 1843 363 1913 sit,
378 1843 511 1900 omnibus
526 1843 626 1901 iisdem
641 1843 777 1902 versibus.
912 1849 943 1898 55
981 1883 983 1886 -

7 1933 8 1936 “
109 1940 213 1998 Utrum
226 1940 272 2011 sit,
288 1959 323 1996 an
338 1958 405 2011 non,
420 1939 522 1996 voltisl
543 1941 592 1998 sed
607 1959 662 2017 ego
676 1940 797 2012 stultior,

7 2097 9 2118 μ
107 2037 204 2100 Quasi
218 2037 345 2094 nesciam
358 2055 407 2093 ros
421 2036 502 2107 velle,
517 2036 565 2112 qui
579 2037 661 2094 divus
675 2037 754 2096 siem.

7 2119 11 2136 ’
108 2134 213 2192 Teneo
227 2133 294 2209 quid
310 2133 397 2191 animi
411 2133 497 2190 vostri
512 2152 595 2208 super
610 2134 663 2192 hac
678 2153 708 2192 re
722 2135 784 2192 siet.

109 2229 229 2288 Faciam
243 2240 274 2287 ut
288 2230 437 2286 commista
451 2230 488 2286 sit
501 2229 787 2306 Tragicocomoedia:

108 2327 187 2386 Nam
202 2346 247 2384 me
261 2337 398 2402 perpetuo
412 2327 505 2384 sacere
520 2337 551 2384 ut
564 2327 600 2384 sit
614 2327 773 2399 Ccmoedia,
913 2333 944 2382 60

109 2423 210 2501 Reges
224 2441 281 2498 quo
295 2424 410 2481 veniant
424 2434 452 2480 et
465 2422 514 2495 m,
529 2442 587 2480 non
601 2443 651 2499 par
667 2425 794 2482 arbitror.

107 2521 193 2584 Quid
208 2520 313 2596 igiturl
334 2520 469 2596 quoniam
484 2520 533 2577 hic
553 2539 648 2578 servos
662 2539 775 2596 quoque
795 2521 901 2598 parteis

229 2616 323 2688 habet,
812 2616 814 2620 ’

108 2712 239 2784 Faciam,
254 2713 300 2785 sit,
314 2713 435 2789 proinde
449 2723 481 2770 ut
494 2713 565 2785 dixi,
580 2713 860 2790 Tragicocomoedia.

108 2811 199 2869 Nunc
214 2810 269 2868 hoc
283 2829 329 2868 me
342 2803 424 2868 orare
439 2811 549 2868 avobis
560 2811 643 2887 jussit
657 2811 798 2886 Juppiter,

108 2906 148 2966 Ut
162 2907 370 2982 conquisitores
384 2907 489 2984 singuli
505 2908 534 2964 in
548 2907 682 2964 subsellia
914 2919 945 2966 65
