2138 3386
258 242 460 290 rurururruo
489 244 552 289 scs.
567 242 586 288 1.
606 243 682 288 ron.
698 243 718 288 ι.
893 227 931 288 111

86 391 198 452 Velatis
231 393 363 452 manibus
395 403 488 462 orant,
515 392 698 470 ignoscamus
722 402 875 470 pascatur

204 508 304 547 suum:

85 584 260 660 Deduntque
280 605 321 658 se,
339 585 635 662 divina-humanaque
653 586 760 659 omnia,
774 586 874 648 urbem

205 693 234 740 et
246 683 361 754 liberos,

86 777 121 836 [n
134 778 274 836 ditionem
285 790 369 854 arque
383 779 413 836 io
424 778 600 851 arbitratum,
610 780 719 852 ouuoti,
731 778 875 840 Thebano

260 875 297 933 lo.

87 970 155 1028 Post
168 893 347 1028 obpviirutem
361 971 430 1030 hero
440 971 643 1047 Amphitruoni
657 983 755 1048 patera
769 973 875 1032 donata

205 1086 290 1125 aurea
303 1078 355 1138 est,

83 1163 147 1228 Qui
173 1163 286 1222 Pterela
307 1165 428 1241 potitare
451 1184 501 1223 rex
523 1165 624 1222 solitus
644 1177 695 1224 est
736 1165 810 1224 Haeo
830 1164 875 1226 sio

204 1261 296 1318 dicam
311 1261 396 1320 heras.
887 1258 933 1311 1⁰⁵

83 1357 174 1414 Nune
194 1376 310 1434 pergem
331 1357 393 1416 ireri
414 1358 565 1434 imperium
585 1358 697 1434 exequi,
712 1370 740 1419 et
760 1379 807 1418 me
825 1360 874 1418 do·

203 1473 281 1510 mum
296 1473 450 1530 capessere.

82 1550 140 1609 Me.
170 1551 256 1608 Arar!
279 1551 338 1608 illio
358 1551 415 1608 huo
436 1551 527 1608 iturus
547 1562 605 1610 ert:
628 1552 675 1610 ibo
695 1571 749 1630 ego
770 1552 810 1612 illi
825 1553 874 1612 ob-

203 1666 285 1705 riam.

83 1743 189 1819 Neque
213 1761 267 1820 ego
291 1743 369 1800 huno
393 1743 537 1802 hominem
562 1745 647 1802 hodie
670 1745 706 1802 ad
729 1745 799 1804 aedis
822 1745 873 1804 has

203 1840 293 1896 sinam
309 1859 431 1914 unquam
448 1841 602 1899 secedere:

82 1935 214 2000 Quando
228 1936 322 2012 imago
336 1946 379 1993 est
392 1936 475 2012 hujus
489 1937 518 1994 in
533 1952 588 2009 me,
603 1948 713 1996 certum
727 1948 770 1997 est
783 1938 875 1997 homi·

204 2050 268 2088 nem
284 2031 407 2088 eludere.

83 2127 124 2188 Et
137 2127 293 2199 enimvero,
308 2128 441 2203 quoniam
457 2128 576 2186 formam
590 2129 655 2206 oepi
676 2130 759 2208 hujus
772 2131 802 2188 in
817 2150 873 2205 me,

205 2234 233 2281 et
247 2235 361 2295 statum,
887 2228 933 2277 11⁰

85 2319 180 2380 Deoet
194 2330 224 2377 et
238 2319 313 2378 faeta
327 2337 477 2396 moresque
490 2320 575 2398 hujus
588 2322 693 2380 habere
707 2343 753 2382 me
766 2321 875 2384 siniiles

205 2417 281 2474 item.

84 2512 188 2588 Itaque
208 2532 254 2570 me
277 2513 382 2570 maium
406 2532 469 2572 esse
493 2524 613 2590 oportet,
634 2515 779 2588 callidum,
801 2527 874 2578 astu·

205 2619 265 2666 turn
281 2610 443 2681 admodum,

85 2708 184 2782 Atque
204 2705 291 2778 huno,
306 2705 364 2764 telo
384 2724 436 2764 suo
456 2707 521 2779 sibi,
536 2708 645 2766 malitia
661 2709 799 2768 osoribus
817 2711 875 2788 pel·

207 2802 273 2860 lere.

87 2898 147 2958 Sed
160 2899 230 2974 quid
246 2897 314 2957 illuo
328 2899 390 2956 esti
431 2899 543 2958 Coelum
556 2911 698 2976 aspeetat:
719 2903 875 2960 observabo

207 3014 292 3070 quam
307 3013 366 3054 rem
383 3005 455 3071 agat.
