2138 3386
42 316 43 325 ἵ
103 255 137 309 l‘l
460 265 632 311 PROLOGUS

78 428 85 436 ·
116 421 145 468 15
159 409 203 468 Ita
217 410 285 469 huic
299 413 410 470 facietis
423 414 539 472 Fabula)
554 413 708 484 silentium,
776 469 780 476 ,

159 507 259 583 ltaque
273 509 347 583 aequi
361 519 389 567 et
400 511 469 586 justi
485 511 532 568 hic
546 510 625 567 eritis
639 527 738 567 omnes
753 508 858 567 arbitri.

158 603 188 660 N
191 623 247 661 unc
261 605 343 682 cujus
354 606 435 682 jussu
449 607 542 677 venio,
557 618 586 663 et
600 607 782 680 quomobrem
797 603 934 676 venerim,

159 700 280 759 Dicam:
301 702 442 776 simulque
456 703 516 778 ipse
529 703 646 777 eloquar
659 721 764 759 nomen
778 719 882 760 meum.

159 796 240 855 Jovis
250 799 331 874 jussu
346 799 446 856 venio:
469 818 572 856 nomen
587 798 723 855 Mercurii
739 810 782 856 est
796 798 875 856 mihi.

114 903 145 950 ¹20
159 894 243 952 Pater
258 895 315 952 huc
330 914 374 952 me
389 895 466 953 misit
481 896 514 953 ad
530 915 579 952 vos
593 881 703 952 oratiam
718 914 807 966 meus,

158 990 288 1048 Tametsi
303 1012 354 1067 pro
369 992 498 1068 imperio,
513 993 594 1048 vobis
608 992 684 1066 quod
698 992 806 1048 dictum
821 992 903 1063 soret,

159 1087 260 1145 Scibat
275 1089 415 1146 facturos:
437 1089 540 1164 quippe
554 1089 603 1164 qui
618 1088 794 1146 intellexerat

159 1184 261 1242 Vereri
287 1204 335 1242 vos
362 1205 393 1244 se
420 1198 448 1243 et
474 1184 610 1258 metuere,
636 1185 675 1243 ita
701 1195 733 1242 ut
759 1203 872 1261 aequum
895 1194 948 1257 est,

276 1281 393 1340 lovem:

159 1379 267 1438 Verum
282 1382 411 1456 prolecto
426 1382 480 1438 hoc
494 1391 590 1456 petere
605 1400 650 1439 me
662 1373 793 1457 precario

114 1487 146 1534 ‘25
160 1478 187 1534 A
202 1478 282 1534 vobis
292 1478 377 1553 jussit
391 1478 492 1536 leuiter
506 1478 591 1535 dictis
606 1478 695 1537 bouis.

160 1573 275 1632 Etenim
291 1575 347 1646 ille,
362 1575 444 1651 cujus
458 1575 514 1632 huc
525 1574 606 1652 jussu
620 1575 714 1645 venio,
728 1573 870 1650 luppiter,

161 1669 227 1727 Non
243 1670 337 1728 minue
347 1690 432 1744 quam
443 1681 567 1729 vostrum
579 1671 671 1746 quivis
682 1671 814 1728 formidat
828 1670 950 1727 malum:

161 1766 295 1826 Humani
310 1780 398 1826 matre
414 1780 505 1839 natus,
521 1769 646 1825 humano
659 1779 748 1843 patre,

160 1863 260 1921 Mirari
275 1883 333 1921 non
347 1874 390 1923 est
404 1883 526 1939 equum,
542 1864 596 1920 sibi
611 1864 635 1921 ai
648 1864 795 1939 praetimet.

103 1941 146 2016 '³0
160 1961 257 2035 Atque
271 1979 326 2036 ego
339 1979 453 2035 quoque
467 1961 563 2032 etiam,
579 1961 627 2036 qui
641 1960 659 2017 J
662 1960 722 2017 ovi
736 1979 798 2016 sum
813 1959 897 2031 filius,

161 2055 341 2132 Contegioue
355 2055 412 2112 mei
426 2056 514 2131 patris
528 2065 624 2113 metuo
638 2056 751 2112 malum.

161 2152 314 2228 Propterea
328 2171 397 2227 pace
413 2152 542 2223 advenio,
557 2164 585 2209 et
598 2171 698 2227 pacem
714 2151 748 2208 ad
763 2169 813 2208 voe
827 2151 923 2223 affero,

160 2247 179 2304 J
181 2259 272 2306 ustam
287 2267 347 2306 rem
361 2259 390 2306 et
404 2248 515 2306 facilem
531 2267 593 2306 esse
606 2259 716 2305 oratum
732 2248 842 2306 avobis
855 2247 936 2306 volo:

162 2344 237 2402 Nam
248 2345 324 2421 juste
339 2346 374 2402 ab
385 2344 469 2420 justis
480 2345 573 2421 justus
587 2364 649 2402 sum
664 2355 758 2402 orator
771 2345 863 2402 datus.

117 2449 147 2495 35
160 2443 190 2500 N
193 2463 238 2501 am
253 2444 356 2520 injusta
371 2445 406 2501 ab
416 2444 501 2519 justis
515 2443 665 2519 impetrare
679 2462 736 2500 uon
752 2444 852 2501 decet:

160 2540 243 2598 Justa
258 2552 350 2597 autem
366 2541 402 2597 ab
417 2539 529 2616 injustis
541 2552 649 2616 petere,
664 2539 827 2616 insipientia
840 2541 891 2596 ἰιι

159 2636 278 2712 Quippe
292 2636 333 2694 illi
348 2637 437 2713 iniqui
450 2637 497 2714 jus
511 2636 653 2714 ignorant,
667 2655 760 2711 neque
774 2646 881 2694 tenent.

160 2731 250 2790 Nunc
268 2733 327 2809 jam
352 2734 409 2791 huc
434 2733 561 2791 animum
585 2752 684 2790 omnes
707 2751 742 2790 ea
765 2751 828 2808 quae
851 2732 951 2807 loquar

280 2831 425 2888 advortite.
527 2879 532 2896 .

162 2925 281 2983 Debetia
294 2926 366 2983 velle
380 2945 443 3000 quie
457 2925 593 2982 velimus:
614 2925 770 2982 meruimus

118 3033 150 3080 40
163 3021 200 3080 Et
214 3039 269 3100 ego
282 3033 310 3080 et
323 3032 403 3099 pater
417 3023 453 3080 de
467 3022 547 3079 vobis
561 3033 590 3079 et
603 3021 760 3097 republicrl.
