2150 3386
125 223 183 284 1oe
341 235 533 282 aununrma
562 219 624 280 Ᾱοτ.
644 234 685 278 rv.
702 233 776 278 sm«.
790 232 812 278 o.

478 489 600 543 SCENA
629 487 677 542 VI,

416 673 539 733 Euomo.
567 675 744 732 Sunomuua

224 869 282 926 Eu.
304 868 394 925 From
409 867 562 924 censebam
575 886 735 925 maxumam
752 867 840 924 multo
854 866 941 924 fidem

184 965 265 1024 Esse.
305 965 350 1022 Ea
363 965 484 1022 sublevit
497 983 530 1020 os
544 964 612 1021 mihi
626 965 811 1039 paenissumea

184 1062 226 1119 Ni
240 1062 414 1118 subvenisset
430 1079 540 1130 corvus,
555 1061 701 1136 periissem
716 1061 808 1118 miser.

185 1157 282 1216 Nimis
303 1157 399 1215 hercle
422 1176 476 1234 ego
500 1157 579 1214 illurn
603 1175 721 1214 oorvum
745 1157 780 1214 ad
804 1175 849 1214 me
870 1156 978 1228 veniat,

304 1255 398 1325 velim,

156 1350 247 1411 noui
262 1351 400 1408 indicium
416 1349 492 1420 seuit,
507 1360 538 1405 ut
552 1368 606 1424 ego
620 1349 660 1406 illi
676 1349 782 1424 aliquid
797 1349 865 1406 boni

185 1446 297 1504 Dicam.
339 1446 415 1503 Nam
437 1447 512 1521 quod
533 1447 601 1517 edit,
622 1457 681 1503 tam
701 1447 791 1519 duim,
806 1465 891 1522 quam
915 1463 980 1522 per-

303 1541 390 1598 duim.

185 1636 283 1708 Nune,
298 1637 354 1694 hoc
369 1637 418 1693 ubi
434 1637 605 1708 abstrudam,
620 1637 718 1714 cogito
732 1637 823 1694 solum
837 1636 943 1694 looum.

187 1733 294 1791 Silvani
308 1733 391 1790 luens
405 1744 609 1791 extremorum
624 1748 667 1791 est
681 1734 770 1804 arins,

186 1830 295 1887 Crebro
310 1830 411 1886 salicto
424 1830 563 1904 oppletuS,
579 1831 617 1886 ibi
632 1849 740 1888 somam
755 1829 861 1886 locum.

143 1925 174 1975 10
186 1925 305 1982 Certum
320 1935 371 1995 est,
387 1925 503 1981 Silvano
516 1925 611 2000 potius
625 1926 749 1996 credam,
764 1943 848 1999 quam
864 1923 957 1981 Fidei.

187 2022 231 2080 St.
260 2021 358 2097 Euge!
387 2022 476 2097 euge!
504 2021 545 2078 dii
572 2039 617 2078 me
644 2021 751 2078 salvom
781 2031 809 2078 et
835 2030 980 2077 servatum

303 2118 409 2174 volunt

187 2213 253 2272 Jam
274 2233 328 2290 ego
351 2215 419 2270 illue
440 2231 622 2290 praeenrram,
637 2223 721 2288 atque
742 2212 909 2270 inscendam
929 2212 980 2270 ali·

305 2329 389 2384 quam
404 2309 433 2366 in
449 2310 594 2367 arborem:

99 2463 113 2482 ι
187 2405 315 2480 Indeque
329 2407 494 2476 observabo,
510 2425 608 2462 aurum
623 2404 672 2462 nbi
688 2405 831 2462 abstrudat
844 2423 939 2464 senex.

187 2502 363 2577 Quanquam
377 2502 425 2560 hro
441 2521 554 2560 manere
569 2503 653 2558 herus
668 2521 713 2558 me
726 2521 788 2560 sese
800 2502 931 2578 jusserat,

146 2611 176 2660 15
189 2599 307 2657 Certum
319 2610 371 2672 est,
384 2600 485 2657 malam
498 2618 555 2656 rem
570 2599 665 2676 potius
676 2617 798 2673 quaeram
810 2617 877 2654 enm
886 2598 978 2657 luero.
