2150 3386
268 223 467 269 cucuriali.
496 223 559 268 Aer.
574 223 605 268 rc
626 223 702 268 scri.
716 222 738 267 c
901 209 957 268 113

105 369 166 430 Ειι.
187 371 280 443 Tace,
293 381 376 446 atque
391 371 453 429 abi:
475 382 574 429 curata
587 370 632 428 fac
643 370 701 428 sint
711 389 797 446 quom
812 369 900 427 aforo

135 491 141 503 ·
226 467 340 525 redeam
355 467 480 525 domum.

106 565 205 640 Atque
228 563 349 621 occlude
373 563 465 620 aedes:
488 564 547 640 jam
571 581 625 640 ego
646 561 695 620 hic
717 563 810 620 adero.
852 561 899 620 st.

225 659 308 721 Quid
322 678 376 736 ego
390 679 468 716 nunc
483 661 585 736 agam?

106 755 198 812 Nunc
207 756 290 812 nobis
300 773 388 831 prope
403 756 482 814 adest
493 755 622 828 exitium,
633 754 704 812 mihi
719 764 803 829 atque
817 751 900 811 herili

226 853 300 909 filiae.

107 947 186 1005 Nam
200 950 333 1024 probrum
350 958 433 1024 atquc
446 948 589 1024 partitudo
603 967 691 1024 prope
706 947 796 1018 adest,
807 956 838 1002 ut
851 945 901 1004 fiat

227 1045 329 1119 palam.

104 1139 199 1202 Quod
209 1141 333 1197 celatum
344 1149 396 1210 est,
409 1150 492 1214 atque
506 1141 683 1197 occultatum
694 1159 784 1214 usquc
794 1139 899 1210 adhuc,

227 1255 305 1292 nunc
319 1254 377 1292 non
391 1247 491 1311 potest
790 1255 792 1261 ’
913 1240 945 1290 10

107 1332 163 1390 Ibo
188 1332 272 1409 intro,
297 1346 327 1388 ut
350 1333 434 1390 heros
458 1353 520 1408 quae
545 1333 702 1410 imperavit,
725 1333 810 1404 sacta,
832 1347 900 1388 cum

227 1429 331 1501 veniat,
353 1429 435 1486 sient.
560 1443 564 1476 ί

107 1523 140 1582 N
142 1543 197 1596 om,
208 1534 328 1595 ecastor,
341 1527 446 1582 malurn
458 1544 607 1583 moerorcm
621 1535 727 1597 metuo,
739 1543 775 1582 ne
786 1523 903 1582 mistum

228 1622 332 1678 bibam.

410 1919 532 1974 SCENA
555 1919 604 1972 1v.

236 2105 412 2162 Srrrorrrcus.
441 2104 601 2162 Aurum
629 2104 778 2165 Couonro.

153 2296 199 2355 Sl.
226 2295 392 2358 Posrouru
419 2297 567 2354 obsonavit
590 2297 685 2369 herus,
710 2307 739 2354 et
766 2295 905 2354 conduxit

232 2409 349 2466 coquos,

112 2487 321 2561 Tibicinasquc
336 2487 430 2557 hasce,
446 2486 520 2563 apud
535 2487 637 2556 forum,
652 2487 741 2544 edixit
755 2485 837 2558 inihi,

116 2579 158 2638 Ut
171 2579 350 2654 dispartirem
364 2577 515 2635 obsonium
530 2575 577 2634 hic
591 2575 731 2634 bifariam.

211 2828 229 2864 0
328 2828 346 2864 0
446 2827 463 2862 0
564 2826 581 2862 0
681 2826 699 2862 0
800 2824 818 2860 0
