2138 3386
135 225 175 282 ὅθ
354 237 558 285 AMPHITRUO.
587 239 649 304 ¹Acn.
664 237 696 284 11.
715 237 792 284 Scuu.
806 237 829 282 ι

194 382 243 456 Ut,
257 385 333 459 quod
355 387 483 460 obrodat,
498 387 544 461 sit,
560 387 655 446 animo
675 387 701 446 ni
721 387 795 446 mule
815 405 879 444 csse
892 405 988 444 occoe·

331 483 392 542 erit

193 578 259 638 Am.
281 502 330 636 'Pupi
345 599 391 639 mc
404 581 466 640 hori
480 580 529 640 hic
541 581 657 641 vidistit
696 582 747 640 Al.
768 581 844 659 Ego,
858 580 985 657 inquam,

313 677 337 735 si
350 679 393 736 vis
407 679 505 741 decies,
518 678 623 738 dicere.

193 772 260 831 Am.
279 773 315 832 In
328 775 436 833 somnis
447 775 573 834 sortasse.
609 775 661 835 Al.
680 774 773 833 Immo
784 774 905 850 vigilans
915 773 986 856 ¹uigi-

311 872 426 930 lantem.
467 872 532 930 Am.
554 872 606 930 Vae
620 873 726 930 misero
741 872 826 928 mihi!

151 966 242 1024 9580.
272 966 356 1028 Quid
379 969 431 1026 tibi
458 970 520 1026 cstt
569 967 635 1027 Am.
667 967 779 1026 Delirat
806 985 885 1024 uxor.
937 966 985 1024 so.

193 1134 196 1139 ι
312 1062 385 1119 Aut
401 1063 449 1120 bili
463 1063 572 1139 percito
585 1072 635 1121 eut.

194 1157 284 1216 Nullo
298 1177 343 1216 res
358 1170 415 1216 tam
430 1158 578 1217 delirantis
592 1159 723 1217 homines
737 1157 893 1216 concinnat
908 1157 975 1214 cito.

193 1255 259 1314 Am.
282 1255 339 1313 Ubi
363 1256 485 1331 primum
506 1256 558 1313 tibi
577 1255 700 1328 sensisti,
721 1255 832 1326 mulier,
851 1253 987 1330 implicis-

313 1353 393 1410 cieri

195 1449 245 1507 At.
274 1448 416 1524 Equidem
437 1461 548 1508 ecastor
572 1469 642 1509 suna
661 1459 690 1508 et
710 1449 787 1507 salva
806 1467 878 1506 sum.
920 1447 986 1506 Am.

312 1546 372 1603 Cur
387 1546 474 1628 igitun
487 1547 625 1623 prodicus

194 1640 242 1700 Te
265 1642 326 1700 heri
350 1661 395 1700 me
419 1643 533 1715 vidisse,
554 1643 603 1718 qui
627 1643 682 1700 hcc
705 1653 794 1700 noctu
818 1642 848 1699 in
871 1651 986 1717 portum

314 1739 423 1797 advecti
438 1741 555 1797 sumus?

140 1847 184 1899 100
195 1834 241 1893 lbi
261 1837 380 1906 coenavi,
397 1847 482 1912 utque
503 1835 543 1894 ibi
565 1835 660 1912 quievi
674 1835 704 1894 in
718 1834 783 1894 navi
796 1845 912 1893 noctem
926 1853 989 1912 pcr-

314 1944 415 2008 potem.

196 2027 301 2104 Neque
316 2048 409 2087 meum
422 2029 525 2106 pedem
540 2030 597 2087 huc
617 2029 700 2088 intuli
714 2029 801 2088 etiam
816 2029 846 2087 iu
860 2027 941 2101 aedis,
957 2039 989 2087 ut

315 2143 381 2183 cum
396 2126 523 2184 exercitu

198 2222 279 2280 Hinc
297 2223 441 2298 profectu·
462 2241 525 2284 uum
546 2222 581 2280 ud
600 2222 745 2282 Teleboas
765 2221 865 2296 hostis,
880 2239 990 2298 eosque

317 2331 347 2376 ut
361 2319 490 2376 vicimus.

199 2415 249 2474 At
270 2414 362 2473 Immo
377 2433 490 2473 mecum
503 2415 661 2490 conuicti,
676 2425 705 2475 et
719 2435 830 2474 mecum
852 2416 988 2474 cubuisti.
1055 2459 1056 2474 i

317 2512 381 2569 Am.
401 2511 483 2573 Quid
499 2513 528 2570 id
542 2514 604 2571 esti

200 2610 251 2670 Al.
282 2609 359 2668 Vera
375 2610 456 2691 dico.
505 2609 570 2668 Am.
600 2608 670 2668 Non
695 2609 810 2686 quidem
833 2607 931 2666 hercle
955 2609 991 2666 do
1054 2611 1056 2672 J

320 2707 373 2764 hac
387 2725 428 2777 re,
442 2705 478 2764 dc
492 2707 555 2764 nliis
568 2706 677 2764 nescio.
1054 2725 1055 2736 ¹

144 2815 191 2864 105
202 2803 253 2862 At
274 2804 401 2862 Primulo
415 2803 543 2861 diluculo
563 2801 675 2861 ubiuiuti
695 2803 731 2861 ud
744 2801 881 2879 legiones.
923 2801 990 2861 Am.

319 2899 496 2961 Quomodo?
