2138 3386
129 180 170 238 66
336 194 540 244 aurulrnuo.
569 197 632 242 Aca.
647 196 690 242 111.
711 197 787 242 scau.
801 195 823 240 s.

486 450 609 506 SCENA
634 451 683 506 111.

336 638 435 696 Sosin.
463 637 620 696 Juaerunn.
647 638 829 698 Ancnunna.

159 828 165 836 ’
228 830 275 889 So.
298 831 620 903 Arrenrunuo,assu1n:
641 831 665 890 si
679 832 746 908 quid
768 851 840 908 opus
859 842 913 906 est,
928 832 982 892 im·

305 946 390 1003 pera:
412 928 561 1003 imperium
575 947 705 1003 exequar.

187 1022 239 1081 Jac.
259 1023 386 1099 Optume
400 1025 522 1082 advenis.
563 1025 610 1084 So.
632 1025 697 1084 Jarn
717 1045 773 1102 pax
785 1036 828 1084 est
842 1026 981 1086 intervos

307 1121 398 1178 duosi

189 1215 266 1274 Nam
280 1218 348 1293 quia
361 1236 410 1274 vos
424 1218 592 1294 tranquillos
601 1218 693 1290 vide0‚
708 1219 820 1296 gaudeo
834 1229 863 1277 et
876 1219 981 1296 volupe

307 1326 349 1372 est
363 1315 443 1387 mihi,

190 1411 286 1484 Atque
298 1410 336 1467 ita
350 1429 460 1468 servom
471 1430 522 1488 par
532 1411 643 1468 videtur
658 1411 732 1488 frugi
742 1431 804 1470 sese
815 1412 980 1472 instituere:

160 1511 177 1558 5
189 1505 314 1564 Proinde
329 1507 389 1563 heri
404 1517 434 1564 ut
448 1507 515 1578 sint,
527 1507 587 1582 ipse
600 1507 668 1566 item
683 1508 718 1566 sit
729 1527 735 1566 t
754 1509 862 1566 voltum
873 1527 890 1568 e
901 1509 981 1568 voitu

308 1614 470 1678 comparet:

189 1697 296 1754 Tristis
310 1699 356 1769 sit,
371 1699 395 1756 si
411 1699 472 1757 heri
485 1700 542 1758 sint
561 1699 671 1758 tristes:
693 1700 800 1758 hilarus
814 1701 859 1773 sit,
874 1701 899 1760 si
912 1721 983 1780 gau·
1060 1707 1061 1742 ³

308 1795 401 1854 deant.

189 1890 249 1947 Sed
271 1909 331 1968 age,
354 1892 510 1967 responde:
528 1892 587 1970 jam
607 1911 656 1950 vos
676 1893 790 1951 redistis
811 1894 841 1952 in
861 1913 982 1954 coneor-
1060 1967 1061 1970 Ἴ

308 1989 404 2046 diamt

188 2081 238 2140 Ju.
261 2081 391 2154 Derides,
406 2085 455 2160 qui
470 2085 527 2142 seis
540 2085 603 2144 hara
619 2086 678 2162 jam
692 2086 801 2144 dudum
815 2106 861 2146 me
875 2073 982 2147 dixisse

308 2200 358 2256 per
369 2181 476 2256 jocum.

190 2275 237 2334 So.
260 2276 308 2334 An
331 2277 359 2334 id
378 2279 446 2353 juno
468 2278 583 2338 dixisti?
607 2279 739 2354 equidem
760 2280 835 2338 serio
857 2299 982 2340 severo

308 2384 394 2431 ratus.

147 2474 178 2526 10
189 2468 239 2527 lu.
260 2467 358 2526 Habui
382 2471 631 2547 expurgationem
657 2472 733 2531 saeta
752 2493 808 2549 pax
827 2484 878 2533 est.
930 2475 980 2534 Su.

308 2565 435 2642 Optume
447 2579 499 2625 est.

189 2661 240 2720 lu.
269 2661 334 2739 Ego
357 2682 417 2720 rem
441 2663 566 2722 divinam
589 2663 667 2724 intus
690 2666 803 2739 seciam,
827 2677 894 2725 vota
916 2685 981 2744 quae

309 2769 382 2816 sunt.
424 2759 472 2816 So.
494 2759 616 2818 Censeo.

188 2850 240 2914 th.
267 2853 317 2910 Tu
340 2855 558 2930 gubernatorem
580 2857 680 2915 annvi
701 2859 758 2916 huo
778 2877 868 2918 evoca
886 2859 984 2920 verbis
1017 2887 1022 2894 ·

309 2969 380 3006 mers
