<?xml version="1.0" encoding="UTF-8"?>
<!DOCTYPE html PUBLIC "-//W3C//DTD XHTML 1.0 Transitional//EN"
    "http://www.w3.org/TR/xhtml1/DTD/xhtml1-transitional.dtd">
<html xmlns="http://www.w3.org/1999/xhtml" xml:lang="en" lang="en">
 <head>
  <title>
</title>
<meta http-equiv="Content-Type" content="text/html;charset=utf-8" />
  <meta name='ocr-system' content='tesseract 3.04.00' />
  <meta name='ocr-capabilities' content='ocr_page ocr_carea ocr_par ocr_line ocrx_word'/>
</head>
<body>
  <div class='ocr_page' id='page_1' title='image "./macciiplautiamp00dillgoog/macciiplautiamp00dillgoog_0043.png"; bbox 0 0 2138 3386; ppageno 0'>
   <div class='ocr_carea' id='block_1_1' title="bbox 95 233 774 289">
    <p class='ocr_par' dir='ltr' id='par_1_1' title="bbox 95 233 774 289">
     <span class='ocr_line' id='line_1_1' title="bbox 95 233 774 289; baseline -0.007 0"><span class='ocrx_word' id='word_1_1' title='bbox 95 233 135 289; x_wconf 82' lang='lat'>34</span> <span class='ocrx_word' id='word_1_2' title='bbox 313 239 516 287; x_wconf 75' lang='lat' dir='ltr'>Aunnmnuo.</span> <span class='ocrx_word' id='word_1_3' title='bbox 546 241 608 286; x_wconf 57' lang='lat' dir='ltr'>nce.</span> <span class='ocrx_word' id='word_1_4' title='bbox 623 239 642 285; x_wconf 86' lang='lat'>1.</span> <span class='ocrx_word' id='word_1_5' title='bbox 662 239 738 284; x_wconf 66' lang='lat' dir='ltr'>scen.</span> <span class='ocrx_word' id='word_1_6' title='bbox 754 240 774 284; x_wconf 89' lang='lat'>1.</span> 
     </span>
    </p>
   </div>
   <div class='ocr_carea' id='block_1_2' title="bbox 93 386 950 2964">
    <p class='ocr_par' dir='ltr' id='par_1_2' title="bbox 93 386 950 2964">
     <span class='ocr_line' id='line_1_2' title="bbox 93 386 943 468; baseline -0.002 -20"><span class='ocrx_word' id='word_1_7' title='bbox 93 400 140 448; x_wconf 77' lang='lat'>200</span> <span class='ocrx_word' id='word_1_8' title='bbox 154 390 186 448; x_wconf 86' lang='lat' dir='ltr'>Si</span> <span class='ocrx_word' id='word_1_9' title='bbox 199 401 311 468; x_wconf 82' lang='lat' dir='ltr'>tergum</span> <span class='ocrx_word' id='word_1_10' title='bbox 326 390 537 462; x_wconf 75' lang='lat' dir='ltr'><strong>cicatricosam,</strong></span> <span class='ocrx_word' id='word_1_11' title='bbox 552 388 623 448; x_wconf 87' lang='lat' dir='ltr'>nihil</span> <span class='ocrx_word' id='word_1_12' title='bbox 638 389 694 446; x_wconf 93' lang='lat' dir='ltr'>hoc</span> <span class='ocrx_word' id='word_1_13' title='bbox 707 387 794 446; x_wconf 82' lang='lat' dir='ltr'>simili</span> <span class='ocrx_word' id='word_1_14' title='bbox 808 398 851 446; x_wconf 86' lang='lat' dir='ltr'>est</span> <span class='ocrx_word' id='word_1_15' title='bbox 864 386 943 446; x_wconf 89' lang='lat' dir='ltr'>simi·</span> 
     </span>
     <span class='ocr_line' id='line_1_3' title="bbox 269 487 333 544; baseline -0.031 0"><span class='ocrx_word' id='word_1_16' title='bbox 269 487 333 544; x_wconf 89' lang='lat' dir='ltr'>lius.</span> 
     </span>
     <span class='ocr_line' id='line_1_4' title="bbox 153 580 943 661; baseline -0.005 -19"><span class='ocrx_word' id='word_1_17' title='bbox 153 583 210 642; x_wconf 83' lang='lat' dir='ltr'>Sed</span> <span class='ocrx_word' id='word_1_18' title='bbox 233 602 318 660; x_wconf 91' lang='lat' dir='ltr'>quom</span> <span class='ocrx_word' id='word_1_19' title='bbox 339 584 446 661; x_wconf 85' lang='lat' dir='ltr'>cogito,</span> <span class='ocrx_word' id='word_1_20' title='bbox 461 583 592 659; x_wconf 85' lang='lat' dir='ltr'>equidem</span> <span class='ocrx_word' id='word_1_21' title='bbox 614 592 693 640; x_wconf 82' lang='lat' dir='ltr'>certo</span> <span class='ocrx_word' id='word_1_22' title='bbox 715 581 789 640; x_wconf 91' lang='lat' dir='ltr'>idem</span> <span class='ocrx_word' id='word_1_23' title='bbox 812 580 943 657; x_wconf 72' lang='lat' dir='ltr'>numqui</span> 
     </span>
     <span class='ocr_line' id='line_1_5' title="bbox 270 681 444 757; baseline 0 -19"><span class='ocrx_word' id='word_1_24' title='bbox 270 700 380 757; x_wconf 82' lang='lat' dir='ltr'>semper</span> <span class='ocrx_word' id='word_1_25' title='bbox 396 681 444 738; x_wconf 85' lang='lat' dir='ltr'>lui.</span> 
     </span>
     <span class='ocr_line' id='line_1_6' title="bbox 153 774 944 851; baseline -0.004 -16"><span class='ocrx_word' id='word_1_26' title='bbox 153 777 229 836; x_wconf 88' lang='lat' dir='ltr'>Novi</span> <span class='ocrx_word' id='word_1_27' title='bbox 251 779 365 836; x_wconf 86' lang='lat' dir='ltr'>berum:</span> <span class='ocrx_word' id='word_1_28' title='bbox 386 777 453 836; x_wconf 87' lang='lat' dir='ltr'>novi</span> <span class='ocrx_word' id='word_1_29' title='bbox 474 775 544 835; x_wconf 80' lang='lat' dir='ltr'>mdis</span> <span class='ocrx_word' id='word_1_30' title='bbox 563 788 683 835; x_wconf 84' lang='lat' dir='ltr'>nostrus.</span> <span class='ocrx_word' id='word_1_31' title='bbox 724 777 802 834; x_wconf 78' lang='lat' dir='ltr'>Sane</span> <span class='ocrx_word' id='word_1_32' title='bbox 821 774 901 851; x_wconf 80' lang='lat' dir='ltr'>sepio</span> <span class='ocrx_word' id='word_1_33' title='bbox 915 785 944 833; x_wconf 83' lang='lat' dir='ltr'>et</span> 
     </span>
     <span class='ocr_line' id='line_1_7' title="bbox 271 875 370 933; baseline 0 -1"><span class='ocrx_word' id='word_1_34' title='bbox 271 875 370 933; x_wconf 83' lang='lat' dir='ltr'>sentio.</span> 
     </span>
     <span class='ocr_line' id='line_1_8' title="bbox 153 969 944 1049; baseline -0.003 -19"><span class='ocrx_word' id='word_1_35' title='bbox 153 971 222 1030; x_wconf 92' lang='lat' dir='ltr'>Non</span> <span class='ocrx_word' id='word_1_36' title='bbox 243 991 297 1049; x_wconf 85' lang='lat' dir='ltr'>ego</span> <span class='ocrx_word' id='word_1_37' title='bbox 318 973 359 1029; x_wconf 90' lang='lat' dir='ltr'>illi</span> <span class='ocrx_word' id='word_1_38' title='bbox 380 973 545 1048; x_wconf 80' lang='lat' dir='ltr'>obtempero</span> <span class='ocrx_word' id='word_1_39' title='bbox 566 971 641 1048; x_wconf 91' lang='lat' dir='ltr'>quod</span> <span class='ocrx_word' id='word_1_40' title='bbox 662 971 803 1046; x_wconf 83' lang='lat' dir='ltr'>loquitur3</span> <span class='ocrx_word' id='word_1_41' title='bbox 825 969 944 1046; x_wconf 81' lang='lat' dir='ltr'><strong>pultabo</strong></span> 
     </span>
     <span class='ocr_line' id='line_1_9' title="bbox 272 1070 348 1128; baseline -0.044 0"><span class='ocrx_word' id='word_1_42' title='bbox 272 1070 348 1128; x_wconf 76' lang='lat' dir='ltr'>loris,</span> 
     </span>
     <span class='ocr_line' id='line_1_10' title="bbox 154 1163 946 1243; baseline -0.008 -17"><span class='ocrx_word' id='word_1_43' title='bbox 154 1168 210 1228; x_wconf 81' lang='lat' dir='ltr'>Me.</span> <span class='ocrx_word' id='word_1_44' title='bbox 238 1167 308 1230; x_wconf 81' lang='lat' dir='ltr'>Quo</span> <span class='ocrx_word' id='word_1_45' title='bbox 323 1187 383 1243; x_wconf 81' lang='lat' dir='ltr'>ems</span> <span class='ocrx_word' id='word_1_46' title='bbox 396 1168 445 1225; x_wconf 73' lang='lat' dir='ltr'>tel</span> <span class='ocrx_word' id='word_1_47' title='bbox 485 1166 533 1224; x_wconf 78' lang='lat' dir='ltr'>so</span> <span class='ocrx_word' id='word_1_48' title='bbox 561 1166 695 1223; x_wconf 89' lang='lat' dir='ltr'>Domum.</span> <span class='ocrx_word' id='word_1_49' title='bbox 736 1164 793 1223; x_wconf 87' lang='lat' dir='ltr'>Me.</span> <span class='ocrx_word' id='word_1_50' title='bbox 818 1163 946 1226; x_wconf 65' lang='lat' dir='ltr'>Quadri·¹</span> 
     </span>
     <span class='ocr_line' id='line_1_11' title="bbox 111 1262 721 1341; baseline -0.007 -19"><span class='ocrx_word' id='word_1_51' title='bbox 111 1269 114 1288; x_wconf 78' lang='lat'>¹</span> <span class='ocrx_word' id='word_1_52' title='bbox 271 1284 321 1341; x_wconf 81' lang='lat' dir='ltr'>gas</span> <span class='ocrx_word' id='word_1_53' title='bbox 335 1264 359 1321; x_wconf 92' lang='lat' dir='ltr'>si</span> <span class='ocrx_word' id='word_1_54' title='bbox 373 1283 451 1321; x_wconf 90' lang='lat' dir='ltr'>nunc</span> <span class='ocrx_word' id='word_1_55' title='bbox 466 1264 617 1321; x_wconf 80' lang='lat' dir='ltr'>inscendas</span> <span class='ocrx_word' id='word_1_56' title='bbox 630 1262 721 1332; x_wconf 83' lang='lat' dir='ltr'>Jovis,</span> 
     </span>
     <span class='ocr_line' id='line_1_12' title="bbox 94 1355 947 1436; baseline -0.006 -19"><span class='ocrx_word' id='word_1_57' title='bbox 94 1361 141 1410; x_wconf 76' lang='lat'>295</span> <span class='ocrx_word' id='word_1_58' title='bbox 156 1361 251 1436; x_wconf 84' lang='lat' dir='ltr'>Atque</span> <span class='ocrx_word' id='word_1_59' title='bbox 266 1360 333 1416; x_wconf 88' lang='lat' dir='ltr'>hinc</span> <span class='ocrx_word' id='word_1_60' title='bbox 348 1359 449 1436; x_wconf 84' lang='lat' dir='ltr'>fugias,</span> <span class='ocrx_word' id='word_1_61' title='bbox 464 1358 504 1415; x_wconf 82' lang='lat' dir='ltr'>ita</span> <span class='ocrx_word' id='word_1_62' title='bbox 517 1359 564 1415; x_wconf 83' lang='lat' dir='ltr'>vix</span> <span class='ocrx_word' id='word_1_63' title='bbox 583 1358 689 1433; x_wconf 84' lang='lat' dir='ltr'>poteris</span> <span class='ocrx_word' id='word_1_64' title='bbox 710 1357 836 1433; x_wconf 78' lang='lat' dir='ltr'>elingere</span> <span class='ocrx_word' id='word_1_65' title='bbox 859 1355 947 1412; x_wconf 83' lang='lat' dir='ltr'>insor-</span> 
     </span>
     <span class='ocr_line' id='line_1_13' title="bbox 271 1456 391 1513; baseline 0.008 -1"><span class='ocrx_word' id='word_1_66' title='bbox 271 1456 391 1513; x_wconf 89' lang='lat' dir='ltr'>tunium.</span> 
     </span>
     <span class='ocr_line' id='line_1_14' title="bbox 154 1549 945 1626; baseline -0.005 -16"><span class='ocrx_word' id='word_1_67' title='bbox 154 1551 201 1610; x_wconf 76' lang='lat' dir='ltr'>Sc.</span> <span class='ocrx_word' id='word_1_68' title='bbox 227 1551 333 1608; x_wconf 88' lang='lat' dir='ltr'>Nonne</span> <span class='ocrx_word' id='word_1_69' title='bbox 349 1552 422 1608; x_wconf 82' lang='lat' dir='ltr'>herae</span> <span class='ocrx_word' id='word_1_70' title='bbox 437 1569 507 1608; x_wconf 80' lang='lat' dir='ltr'>mem</span> <span class='ocrx_word' id='word_1_71' title='bbox 518 1549 665 1621; x_wconf 83' lang='lat' dir='ltr'>nunciare,</span> <span class='ocrx_word' id='word_1_72' title='bbox 677 1549 752 1626; x_wconf 92' lang='lat' dir='ltr'>quod</span> <span class='ocrx_word' id='word_1_73' title='bbox 765 1549 849 1606; x_wconf 87' lang='lat' dir='ltr'>herus</span> <span class='ocrx_word' id='word_1_74' title='bbox 863 1566 945 1606; x_wconf 81' lang='lat' dir='ltr'>meus</span> 
     </span>
     <span class='ocr_line' id='line_1_15' title="bbox 270 1647 465 1724; baseline -0.005 -18"><span class='ocrx_word' id='word_1_75' title='bbox 270 1648 363 1724; x_wconf 82' lang='lat' dir='ltr'>jussit,</span> <span class='ocrx_word' id='word_1_76' title='bbox 378 1647 465 1705; x_wconf 85' lang='lat' dir='ltr'>licetl</span> 
     </span>
     <span class='ocr_line' id='line_1_16' title="bbox 155 1743 944 1820; baseline -0.004 -17"><span class='ocrx_word' id='word_1_77' title='bbox 155 1745 212 1803; x_wconf 81' lang='lat' dir='ltr'>Me.</span> <span class='ocrx_word' id='word_1_78' title='bbox 240 1745 313 1802; x_wconf 88' lang='lat' dir='ltr'>Tnae</span> <span class='ocrx_word' id='word_1_79' title='bbox 337 1745 360 1802; x_wconf 88' lang='lat' dir='ltr'>si</span> <span class='ocrx_word' id='word_1_80' title='bbox 385 1743 453 1820; x_wconf 91' lang='lat' dir='ltr'>quid</span> <span class='ocrx_word' id='word_1_81' title='bbox 477 1743 519 1800; x_wconf 89' lang='lat' dir='ltr'>vis</span> <span class='ocrx_word' id='word_1_82' title='bbox 543 1743 696 1801; x_wconf 85' lang='lat' dir='ltr'>nunciare:</span> <span class='ocrx_word' id='word_1_83' title='bbox 720 1743 795 1800; x_wconf 79' lang='lat' dir='ltr'>banc</span> <span class='ocrx_word' id='word_1_84' title='bbox 818 1756 944 1801; x_wconf 80' lang='lat' dir='ltr'>nostrum</span> 
     </span>
     <span class='ocr_line' id='line_1_17' title="bbox 274 1841 538 1900; baseline -0.008 -1"><span class='ocrx_word' id='word_1_85' title='bbox 274 1843 352 1900; x_wconf 84' lang='lat' dir='ltr'>adire</span> <span class='ocrx_word' id='word_1_86' title='bbox 366 1861 423 1900; x_wconf 92' lang='lat' dir='ltr'>non</span> <span class='ocrx_word' id='word_1_87' title='bbox 438 1841 538 1898; x_wconf 80' lang='lat' dir='ltr'>sinum.</span> 
     </span>
     <span class='ocr_line' id='line_1_18' title="bbox 155 1935 950 2012; baseline -0.006 -15"><span class='ocrx_word' id='word_1_88' title='bbox 155 1939 232 1997; x_wconf 81' lang='lat' dir='ltr'>Nam</span> <span class='ocrx_word' id='word_1_89' title='bbox 253 1939 277 1996; x_wconf 90' lang='lat' dir='ltr'>si</span> <span class='ocrx_word' id='word_1_90' title='bbox 298 1958 344 1996; x_wconf 90' lang='lat' dir='ltr'>me</span> <span class='ocrx_word' id='word_1_91' title='bbox 367 1937 510 2008; x_wconf 81' lang='lat' dir='ltr'>irritessis‚</span> <span class='ocrx_word' id='word_1_92' title='bbox 531 1937 617 1995; x_wconf 87' lang='lat' dir='ltr'>hodie</span> <span class='ocrx_word' id='word_1_93' title='bbox 640 1936 852 2012; x_wconf 77' lang='lat' dir='ltr'>lumbifragium</span> <span class='ocrx_word' id='word_1_94' title='bbox 876 1935 950 1993; x_wconf 86' lang='lat' dir='ltr'>hinc&#39;</span> 
     </span>
     <span class='ocr_line' id='line_1_19' title="bbox 275 2037 393 2094; baseline -0.042 0"><span class='ocrx_word' id='word_1_95' title='bbox 275 2037 393 2094; x_wconf 81' lang='lat' dir='ltr'>auferes.</span> 
     </span>
     <span class='ocr_line' id='line_1_20' title="bbox 156 2129 945 2212; baseline -0.004 -21"><span class='ocrx_word' id='word_1_96' title='bbox 156 2133 204 2191; x_wconf 80' lang='lat' dir='ltr'>so.</span> <span class='ocrx_word' id='word_1_97' title='bbox 225 2133 308 2189; x_wconf 86' lang='lat' dir='ltr'>Abeo</span> <span class='ocrx_word' id='word_1_98' title='bbox 319 2131 428 2209; x_wconf 85' lang='lat' dir='ltr'>potius:</span> <span class='ocrx_word' id='word_1_99' title='bbox 447 2129 486 2188; x_wconf 91' lang='lat' dir='ltr'>Di</span> <span class='ocrx_word' id='word_1_100' title='bbox 498 2129 680 2212; x_wconf 73' lang='lat' dir='ltr'>immortales,</span> <span class='ocrx_word' id='word_1_101' title='bbox 691 2130 811 2187; x_wconf 84' lang='lat' dir='ltr'>obsecro</span> <span class='ocrx_word' id='word_1_102' title='bbox 822 2139 945 2188; x_wconf 84' lang='lat' dir='ltr'>vostrum</span> 
     </span>
     <span class='ocr_line' id='line_1_21' title="bbox 272 2229 373 2286; baseline -0.01 0"><span class='ocrx_word' id='word_1_103' title='bbox 272 2229 373 2286; x_wconf 83' lang='lat' dir='ltr'>fidem!</span> 
     </span>
     <span class='ocr_line' id='line_1_22' title="bbox 97 2323 945 2403; baseline -0.004 -18"><span class='ocrx_word' id='word_1_104' title='bbox 97 2327 143 2377; x_wconf 78' lang='lat'>300</span> <span class='ocrx_word' id='word_1_105' title='bbox 156 2326 212 2385; x_wconf 91' lang='lat' dir='ltr'>Ubi</span> <span class='ocrx_word' id='word_1_106' title='bbox 227 2344 281 2403; x_wconf 85' lang='lat' dir='ltr'>ego</span> <span class='ocrx_word' id='word_1_107' title='bbox 295 2326 386 2401; x_wconf 70' lang='lat' dir='ltr'>perii?</span> <span class='ocrx_word' id='word_1_108' title='bbox 407 2324 456 2381; x_wconf 94' lang='lat' dir='ltr'>ubi</span> <span class='ocrx_word' id='word_1_109' title='bbox 477 2323 642 2382; x_wconf 79' lang='lat' dir='ltr'>immutatus</span> <span class='ocrx_word' id='word_1_110' title='bbox 656 2325 738 2382; x_wconf 84' lang='lat' dir='ltr'>suml</span> <span class='ocrx_word' id='word_1_111' title='bbox 760 2323 807 2381; x_wconf 89' lang='lat' dir='ltr'>ubi</span> <span class='ocrx_word' id='word_1_112' title='bbox 822 2343 877 2401; x_wconf 83' lang='lat' dir='ltr'>ego</span> <span class='ocrx_word' id='word_1_113' title='bbox 891 2323 945 2382; x_wconf 85' lang='lat' dir='ltr'>sor·</span> 
     </span>
     <span class='ocr_line' id='line_1_23' title="bbox 275 2420 493 2498; baseline -0.014 -18"><span class='ocrx_word' id='word_1_114' title='bbox 275 2441 349 2480; x_wconf 87' lang='lat' dir='ltr'>mam</span> <span class='ocrx_word' id='word_1_115' title='bbox 363 2420 493 2498; x_wconf 82' lang='lat' dir='ltr'>perdidil</span> 
     </span>
     <span class='ocr_line' id='line_1_24' title="bbox 156 2516 909 2597; baseline -0.008 -17"><span class='ocrx_word' id='word_1_116' title='bbox 156 2521 205 2580; x_wconf 76' lang='lat' dir='ltr'>An</span> <span class='ocrx_word' id='word_1_117' title='bbox 219 2530 332 2597; x_wconf 81' lang='lat' dir='ltr'>egomet</span> <span class='ocrx_word' id='word_1_118' title='bbox 348 2539 392 2575; x_wconf 87' lang='lat' dir='ltr'>me</span> <span class='ocrx_word' id='word_1_119' title='bbox 406 2518 466 2575; x_wconf 90' lang='lat' dir='ltr'>illic</span> <span class='ocrx_word' id='word_1_120' title='bbox 480 2516 591 2592; x_wconf 87' lang='lat' dir='ltr'>reliqui,</span> <span class='ocrx_word' id='word_1_121' title='bbox 606 2536 630 2574; x_wconf 78' lang='lat' dir='ltr'>si</span> <span class='ocrx_word' id='word_1_122' title='bbox 621 2517 715 2574; x_wconf 80' lang='lat' dir='ltr'>&#39;sorte</span> <span class='ocrx_word' id='word_1_123' title='bbox 729 2517 834 2575; x_wconf 86' lang='lat' dir='ltr'>oblitus</span> <span class='ocrx_word' id='word_1_124' title='bbox 848 2517 909 2575; x_wconf 87' lang='lat' dir='ltr'>sui‘l</span> 
     </span>
     <span class='ocr_line' id='line_1_25' title="bbox 156 2614 945 2691; baseline -0.003 -16"><span class='ocrx_word' id='word_1_125' title='bbox 156 2617 233 2676; x_wconf 82' lang='lat' dir='ltr'>Nam</span> <span class='ocrx_word' id='word_1_126' title='bbox 254 2616 302 2673; x_wconf 91' lang='lat' dir='ltr'>hic</span> <span class='ocrx_word' id='word_1_127' title='bbox 322 2615 435 2691; x_wconf 88' lang='lat' dir='ltr'>quidem</span> <span class='ocrx_word' id='word_1_128' title='bbox 457 2633 570 2684; x_wconf 83' lang='lat' dir='ltr'>omnem</span> <span class='ocrx_word' id='word_1_129' title='bbox 592 2614 744 2691; x_wconf 80' lang='lat' dir='ltr'>imaginem</span> <span class='ocrx_word' id='word_1_130' title='bbox 764 2632 865 2684; x_wconf 80' lang='lat' dir='ltr'>meum,</span> <span class='ocrx_word' id='word_1_131' title='bbox 882 2633 945 2690; x_wconf 72' lang='lat' dir='ltr'>qum</span> 
     </span>
     <span class='ocr_line' id='line_1_26' title="bbox 275 2711 656 2785; baseline -0.005 -15"><span class='ocrx_word' id='word_1_132' title='bbox 275 2713 394 2770; x_wconf 79' lang='lat' dir='ltr'>antebac</span> <span class='ocrx_word' id='word_1_133' title='bbox 409 2712 500 2768; x_wconf 85' lang='lat' dir='ltr'>lueret</span> <span class='ocrx_word' id='word_1_134' title='bbox 502 2711 656 2785; x_wconf 64' lang='lat' dir='ltr'>‚possideo</span> 
     </span>
     <span class='ocr_line' id='line_1_27' title="bbox 156 2805 946 2883; baseline -0.003 -15"><span class='ocrx_word' id='word_1_135' title='bbox 156 2809 232 2869; x_wconf 83' lang='lat' dir='ltr'>Vivo</span> <span class='ocrx_word' id='word_1_136' title='bbox 249 2809 281 2866; x_wconf 83' lang='lat' dir='ltr'>fit</span> <span class='ocrx_word' id='word_1_137' title='bbox 283 2809 382 2883; x_wconf 89' lang='lat' dir='ltr'>,qnod</span> <span class='ocrx_word' id='word_1_138' title='bbox 401 2825 545 2882; x_wconf 78' lang='lat' dir='ltr'>nunquam</span> <span class='ocrx_word' id='word_1_139' title='bbox 560 2807 709 2883; x_wconf 82' lang='lat' dir='ltr'>quisquam</span> <span class='ocrx_word' id='word_1_140' title='bbox 728 2817 840 2864; x_wconf 86' lang='lat' dir='ltr'>mortuo</span> <span class='ocrx_word' id='word_1_141' title='bbox 859 2805 946 2866; x_wconf 81' lang='lat' dir='ltr'>iuciet</span> 
     </span>
     <span class='ocr_line' id='line_1_28' title="bbox 274 2905 352 2964; baseline 0.013 -1"><span class='ocrx_word' id='word_1_142' title='bbox 274 2905 352 2964; x_wconf 89' lang='lat' dir='ltr'>mibi.</span> 
     </span>
    </p>
   </div>
   <div class='ocr_carea' id='block_1_3' title="bbox 0 0 1078 3386">
    <p class='ocr_par' dir='ltr' id='par_1_3' title="bbox 0 0 1078 3386">
     <span class='ocr_line' id='line_1_29' title="bbox 0 0 1078 3386; baseline 0 0"><span class='ocrx_word' id='word_1_143' title='bbox 0 0 1078 3386; x_wconf 95' lang='lat' dir='ltr'> </span> 
     </span>
    </p>
   </div>
  </div>
 </body>
</html>
