2138 3386
149 200 190 258 62
359 215 562 262 auenmauo.
591 216 654 262 ica.
669 215 711 261 m.
731 215 844 262 scaea

208 359 272 422 Qui
287 364 426 422 interdum
441 365 479 422 iio
493 364 512 422 J
515 365 634 443 uppiter,
649 365 764 441 quando
777 363 865 422 lubet.

179 458 278 517 ⁵Huc
304 471 398 519 autem
420 480 505 537 quom
530 462 671 539 extempio
694 463 846 520 adventum
871 472 998 538 apporto,

327 557 405 616 illico

208 655 380 732 Amphitruo
393 656 441 728 iio,
456 665 485 714 et
498 655 629 715 vestitum
644 655 765 714 immuto
779 675 882 714 meum.

207 749 296 808 Nunc
310 750 367 808 huc
380 751 497 808 honoris
511 751 595 808 vestri
610 751 694 808 venio
708 751 809 828 gratiis,

206 846 236 903 N
239 866 255 904 e
268 847 342 905 hanc
356 847 518 906 inchoatam
533 848 687 925 transigam
702 846 880 905 Comoediam
889 867 897 918 ;

207 944 298 1001 Simul
314 943 493 1016 Alcumenae,
507 963 592 1020 quam
607 945 648 1002 vir
663 945 804 1002 insontem
819 943 916 1020 probri

163 1043 194 1091 1⁰
206 1040 380 1116 Amphitruo
395 1052 520 1113 accusat,
535 1041 610 1113 veni,
626 1051 658 1098 ut
672 1041 808 1098 auxilium
824 1041 930 1111 feram;

205 1137 282 1195 Nam
297 1156 360 1195 mea
373 1138 410 1195 sit
424 1139 517 1214 culpa,
532 1139 607 1214 quod
623 1149 737 1216 egomet
751 1138 954 1210 contraxerim,

206 1234 239 1292 Si
253 1235 280 1291 id
296 1235 465 1310 Alcumenae
480 1233 626 1294 innocenti
640 1245 760 1310 expetat.

205 1330 293 1388 Nunc
307 1331 546 1409 Amphitruonem
561 1342 673 1402 memet,
690 1341 720 1388 ut
733 1329 844 1406 ocooepi
858 1329 959 1404 semel,

204 1427 277 1485 Esse
292 1428 472 1499 assimulabo,
488 1438 572 1504 atque
586 1429 615 1485 in
630 1428 731 1485 horum
746 1427 883 1485 familiam

161 1527 191 1578 15
205 1525 429 1582 Frustrationem
444 1525 530 1582 hodie
544 1524 672 1601 injiciam
687 1543 855 1581 maxumam.

203 1621 272 1679 Post
286 1621 372 1698 igitur
386 1621 500 1679 demum
514 1621 617 1678 faciam
631 1640 676 1678 res
690 1620 738 1678 fiat
751 1621 855 1696 palam,

203 1719 299 1794 Atque
315 1719 482 1776 Alcumenae
497 1718 525 1777 in
540 1729 667 1794 tempore
682 1718 817 1776 auxilium
832 1717 932 1790 feram,

202 1815 376 1892 Faciamque
390 1828 422 1872 ut
435 1834 493 1872 uno
507 1814 586 1888 t'oetu,
602 1825 630 1872 et
643 1815 719 1890 quod
733 1814 849 1892 gravida
862 1824 906 1871 est
919 1815 993 1887 viro,

202 1911 240 1970 Et
254 1931 300 1970 me
313 1912 389 1988 quod
402 1911 519 1989 gravida
532 1912 576 1982 ἐι,
591 1912 682 1987 pariat
696 1911 759 1968 sine
772 1910 927 1968 doloribus.

156 2009 189 2059 2⁰
202 2007 380 2067 Mercurium
391 2007 462 2085 jussi
477 2026 522 2066 me
537 2006 674 2064 continuo
689 2006 836 2082 consequi,

202 2105 234 2163 Si
248 2105 316 2180 quid
331 2105 431 2162 vellem
447 2104 593 2181 imperare.
634 2103 724 2162 Nunc
739 2103 813 2161 hanc
828 2104 965 2180 alloquar.

507 2401 630 2458 sanA
646 2401 680 2458 II.

407 2590 589 2648 Anconam.
621 2588 778 2648 errrae.

237 2783 288 2843 At.
309 2782 438 2843 Duatas
453 2802 565 2859 nequeo
576 2783 605 2841 in
617 2782 742 2840 edibus:
761 2784 811 2856 ita,
823 2799 868 2840 me
880 2781 989 2859 probri,

199 2880 307 2956 Stupri,
322 2880 472 2940 dedecoris
486 2900 502 2938 a
515 2881 575 2938 viro
590 2888 717 2956 argutam
731 2879 813 2936 meoi

199 2975 244 3033 Ea
257 2995 320 3052 que
334 2987 401 3034 sunt
414 2977 499 3048 sacta,
513 2976 620 3034 iniecta
632 2974 728 3046 refert,
743 2992 777 3032 ac
791 2974 927 3034 clamitat
