2150 3386
136 215 192 274 128
347 221 543 268 annuntius.
572 221 633 267 uer.
648 221 690 266 111.
711 221 786 266 sear.
802 222 822 268 s.

192 371 331 448 Propclae,
346 371 495 443 linteones,
511 370 681 442 calceolarii‚

192 469 352 528 Sedentarii
367 480 486 540 sutores,
501 468 697 539 diabathrarii,

148 579 179 628 tt)
192 567 313 625 Solearii
329 576 429 637 astant,
445 575 536 623 astant
549 564 758 637 molochiuarii,

191 663 295 722 Petunt
310 663 440 734 fullones,
455 663 644 719 sarcinatores
657 672 765 737 petunt.

192 760 360 836 Strophiarii
376 769 476 830 estant,
492 768 583 816 astant
597 759 788 816 semizonarii.

191 855 210 915 J
213 876 256 913 arn
271 857 357 914 hosce
372 857 515 913 absolutos
529 874 662 913 censens:
684 857 799 926 cedunt,
813 867 923 932 petunt.

191 953 329 1012 Trecenti
343 973 409 1010 cum
424 963 499 1010 stant
512 953 675 1029 phylacistae
691 953 719 1009 in
734 954 822 1024 atriis,

147 1060 179 1111 45
191 1049 343 1120 'restores
359 1050 521 1120 limbolarii‚
537 1049 668 1105 arcularii
683 1049 843 1108 ducuntur:
864 1051 950 1110 datur

191 1146 251 1205 AEs
294 1147 312 1203 J
315 1165 358 1202 nni
373 1147 460 1203 hosce
475 1145 619 1202 absolutos
632 1163 771 1216 censeas„

191 1242 265 1299 Cum
281 1242 417 1300 incedunt
431 1243 582 1300 infectores
596 1242 763 1312 crocotarii;

191 1339 252 1395 Aut
276 1338 370 1414 aliqua
392 1340 467 1396 mals
490 1357 560 1396 crux
583 1355 693 1413 semper
714 1349 765 1411 est,
787 1359 850 1414 quae
872 1339 983 1416 aliquid

308 1446 392 1511 petat.

190 1530 250 1590 Ea.
272 1531 479 1607 Compellarem
506 1550 561 1610 ego
588 1532 677 1604 illum,
691 1533 721 1590 ni
736 1543 860 1591 metuam
874 1551 911 1592 ne
932 1535 983 1593 tle·

309 1628 383 1685 sinat

146 1729 178 1779 50
192 1724 353 1782 Memorare
367 1743 460 1782 mores
474 1725 641 1782 mulierum:
663 1745 741 1783 nunc
756 1727 798 1784 sic
812 1727 912 1786 sinam.

190 1821 246 1880 Me.
268 1821 324 1879 Ubi
339 1821 515 1898 nugigerulis
529 1839 574 1878 res
588 1822 680 1879 soluta
694 1834 736 1880 est
750 1824 893 1892 omuibus,

188 1913 236 1976 Ibi
251 1919 285 1974 ad
299 1929 472 1993 postremum
487 1917 564 1974 cedit
578 1919 667 1989 miles,
683 1939 721 1976 aes
734 1920 813 1994 petit.

190 2013 260 2085 Itur,
275 2025 388 2089 putatur
402 2014 475 2070 ratio
489 2033 554 2070 curn
570 2015 739 2091 argentario,

191 2109 354 2186 lmpransus
368 2111 450 2168 miles
465 2120 546 2181 astat,
561 2131 599 2168 aes
614 2122 711 2168 censet
726 2112 794 2170 dari.

146 2209 178 2258 55
191 2206 247 2264 Ubi
262 2208 403 2282 disputata
417 2219 459 2265 est
473 2207 545 2265 ratio
559 2225 624 2264 cum
641 2209 810 2284 argentario,
909 2192 911 2197 ’

191 2301 286 2360 Etiam
300 2304 363 2378 plus
378 2305 454 2379 ipsus
468 2304 542 2360 ultro
556 2303 639 2361 debet
655 2306 823 2380 argentario.

192 2401 264 2474 Spes
276 2409 443 2476 prorogatur
457 2400 541 2457 militi
555 2400 584 2457 in
600 2400 685 2457 alium
700 2401 784 2459 diem.

192 2495 265 2553 Haec
277 2506 344 2553 sunt
358 2507 441 2571 atque
456 2497 517 2554 alie
531 2497 627 2554 multae
641 2497 670 2553 in
686 2498 796 2574 maguis
810 2498 925 2556 dotibus

191 2591 452 2664 Incommoditates‚
467 2604 653 2668 sumptusque
667 2593 867 2652 intolerabiles.
957 2630 964 2639 ·

146 2701 178 2750 60
192 2688 266 2745 Nam
282 2708 345 2763 quae
359 2689 484 2746 indotata
499 2700 550 2760 est,
565 2707 599 2746 ea
612 2689 641 2746 in
655 2700 794 2764 potestate
807 2700 849 2748 est
862 2690 933 2762 riri3

192 2783 304 2841 Dctntae
318 2795 444 2840 mactant
458 2799 486 2840 et
500 2785 574 2841 melo
588 2795 617 2842 et
630 2786 735 2842 damno
749 2786 833 2844 viros.

111 2883 116 2903 ⁸
193 2879 251 2936 Sed
271 2897 372 2936 eccum
397 2880 508 2936 affinem
533 2891 598 2937 ante
621 2881 704 2939 redes.
744 2882 827 2944 Quid
849 2883 900 2956 ais,
922 2883 985 2944 Eu-

308 2974 385 3031 cliol
