2138 3386
215 277 217 282 s
249 217 452 266 nurnrrnuo.
482 218 544 264 aci.
560 217 602 264 ιιι.
623 219 699 265 scu.
713 217 735 262 2
904 203 944 262 65

94 366 146 425 Me
159 385 252 425 meam
266 368 400 445 pudieam
414 385 476 424 esse
490 385 606 424 uxorem
622 366 791 424 arbitrarier.

93 463 129 522 Id
143 483 197 541 ego
212 466 236 522 si
251 464 326 536 fallo,
341 475 400 522 tum
414 474 452 535 te,
468 482 578 522 summe
591 463 733 540 Juppiter,

93 561 214 633 Quaeso,
229 561 432 637 Amphitruoni
447 571 478 618 ut
492 579 602 638 remper
617 561 706 618 iratus
720 561 785 618 aies.

94 657 144 716 Al.
166 659 230 715 Ah!
251 658 390 734 propitius
403 658 440 714 sit
452 657 555 734 potius.
595 656 644 714 Ju.
666 657 788 714 Confide
802 656 870 715 sore.

94 755 124 812 N
127 774 173 813 am
183 755 378 831 jusjurandum
394 773 490 812 verum
506 764 533 811 te
548 754 697 811 advorsum
711 753 786 811 dedi.
896 760 929 809 55

94 851 162 909 Jam
183 871 261 909 nuno
283 852 354 908 irata
374 870 432 910 non
454 851 504 909 eoi
552 850 601 908 Al.
623 849 692 907 Non
714 869 785 908 sum.
833 829 917 909 Ju.’

214 947 293 1006 Bene
307 948 385 1006 sacis.

94 1042 173 1101 Nam
195 1043 224 1100 in
247 1045 395 1102 hominum
416 1055 499 1102 aetate
523 1044 612 1102 multa
632 1043 768 1102 eveniunt
790 1043 886 1120 hujus·

215 1140 307 1198 modi:

95 1235 222 1313 Cupiunt
235 1238 409 1313 voluptates:
430 1237 547 1314 capiunt
561 1255 673 1294 rursum
689 1237 825 1294 miserias.

94 1333 149 1391 lrae
165 1333 365 1404 interveniunt,
380 1334 499 1392 redeunt
512 1354 623 1391 rursum
639 1334 667 1391 in
682 1334 812 1411 gratiam.

8 1499 9 1508 χ
95 1431 206 1488 Verum
221 1430 269 1487 irae
283 1431 306 1487 si
321 1450 384 1506 quae
398 1430 470 1488 sorte
483 1431 618 1488 eveniunt
632 1430 806 1507 hujusmodi,
897 1438 931 1486 ω

95 1527 175 1584 Inter
189 1546 239 1585 eos
252 1547 363 1584 rursum
378 1527 401 1584 si
416 1538 560 1584 reventum
576 1527 605 1583 in
620 1527 739 1604 gratiam
753 1535 806 1600 est,

95 1623 147 1682 Bis
161 1634 241 1681 tanto
255 1623 340 1681 amici
354 1634 420 1680 sunt
434 1624 506 1680 inter
520 1642 560 1693 se,
576 1642 659 1699 quam
674 1624 761 1699 prius.

95 1720 146 1778 Al.
167 1719 294 1777 Primum
310 1721 418 1777 cavisse
432 1720 556 1795 oportuit
570 1738 607 1777 ne
620 1720 740 1791 diceres,

95 1818 206 1875 Verum
230 1817 330 1874 eadem
355 1817 379 1874 si
403 1816 492 1874 isdem
515 1835 631 1894 purgas,
656 1816 726 1873 mihi
750 1817 887 1892 patiunda

214 1927 287 1971 sunt.

94 2009 145 2069 Ju.
166 2010 243 2068 Jube
257 2029 323 2067 vero
336 2029 403 2067 vasa
416 2029 488 2086 pura
502 2009 633 2067 adornari
649 2011 728 2080 mihi,
899 2028 932 2076 ff„

95 2107 145 2179 Ut,
160 2125 223 2182 quae
238 2107 311 2181 apud
326 2107 466 2183 legionem
482 2116 545 2164 vota
560 2107 633 2177 vovi,
648 2106 671 2164 ai
686 2107 803 2165 domum

11 2207 17 2218 '
95 2202 250 2262 Redissem
265 2204 368 2274 salvus,
384 2222 416 2260 ea
431 2221 485 2279 ego
499 2202 641 2260 exsolvam
655 2205 760 2261 omnia.

96 2301 146 2359 Al.
167 2300 231 2378 Ego
243 2301 316 2358 istuc
331 2301 446 2357 curabo.
482 2299 531 2357 lu.
552 2300 679 2358 Evocate
690 2301 746 2358 huo
758 2301 887 2359 Sosiam:

96 2397 321 2455 Gubernatorem
337 2397 385 2472 qui
400 2397 429 2454 in
444 2397 508 2454 meri
523 2397 586 2454 navi
602 2398 654 2454 suit

97 2492 305 2569 Blepharonem
322 2504 454 2563 arcessat,
469 2494 517 2568 qni
532 2493 682 2550 nobiseum
696 2493 841 2569 prandeat.
900 2504 933 2553 70

97 2588 127 2647 Ie
141 2590 213 2646 adeo
227 2589 386 2666 impransus
400 2590 609 2648 ludificabitur:

95 2685 197 2749 Quom
218 2705 273 2763 ego
292 2687 533 2762 Amphitruonem
560 2687 634 2744 ooilo
658 2686 726 2743 hino
751 2685 890 2743 obstricto

216 2783 333 2841 traham.

97 2880 149 2938 At.
172 2878 279 2936 Mirum
295 2879 362 2954 quid
378 2880 455 2937 solus
469 2899 567 2938 seoum
582 2889 693 2937 seoreto
708 2880 756 2938 ille
770 2880 851 2957 agat!

97 2975 196 3052 Atque
211 2976 374 3052 aperiuntur
388 2975 471 3034 edos.
512 2976 580 3034 Exit
595 2975 687 3034 Sosio

336 3072 381 3131 6*
