2138 3386
258 211 459 260 AMPHITRUO.
488 212 551 258 Aer.
566 209 610 258 111,
629 209 705 256 Son.
719 211 742 255 4»
913 202 955 262 ω

101 360 209 418 Amat?
230 360 319 437 sapit:
340 369 420 418 reote
433 360 512 432 fauit,
524 359 619 417 animo
633 359 748 434 quando
761 357 894 436 obsequi·

221 467 266 513 tur
280 474 349 514 suo:

100 553 191 616 Quod
206 572 306 610 omues
319 552 450 610 homiues
463 553 559 610 faeere
571 561 693 628 oportet,
707 551 776 609 dum
791 551 820 608 id
834 569 893 610 mo·

220 650 257 706 do
271 649 319 707 fiat
332 651 416 707 bono.

100 745 192 804 Nuuo
215 746 455 822 Amphitruonem
478 745 536 802 volt
562 744 660 803 deludi
687 763 769 801 meus
794 754 891 820 pater,

221 842 285 900 saxo
297 843 395 918 probe.

101 937 168 996 Jam
188 938 237 995 hio
257 938 416 1010 deludetur,
437 948 619 1014 spectatores,
640 935 729 995 vobis
741 935 894 1013 spectanti·

220 1035 281 1092 bus.
906 1035 936 1086 15

101 1131 223 1208 Capiam
243 1149 378 1189 coronam
398 1131 469 1188 mihi
489 1131 519 1188 iu
538 1141 639 1207 eaput3
661 1129 833 1188 assimulabo
847 1147 894 1188 me

220 1247 282 1286 esse
296 1229 422 1286 ebrium:

102 1327 200 1401 Atque
220 1325 288 1382 illue
309 1344 420 1382 sursum
434 1324 607 1382 esoeudero:
628 1323 695 1380 inde
709 1333 826 1400 optume
838 1323 894 1382 ois-

219 1421 323 1498 pellam
336 1422 437 1478 virum.

101 1518 148 1576 De
169 1537 281 1594 supero,
303 1537 390 1592 quum
415 1518 472 1574 huo
497 1516 658 1589 accesserit,
680 1517 784 1574 faciam
804 1527 837 1574 ut
857 1515 894 1575 sit

220 1615 351 1672 madidus
364 1615 483 1672 sobrius.

102 1711 217 1770 Deinde
237 1712 278 1768 illi
300 1723 427 1768 actutum
448 1711 563 1769 sufferet
585 1730 654 1768 suus
677 1729 773 1768 servos
795 1729 894 1786 poenas

222 1809 304 1866 Sosia
314 1828 320 1866 :

102 1905 180 1964 Eum
202 1905 304 1963 secisse
325 1905 373 1961 ille
394 1904 480 1961 hodie
502 1918 610 1981 arguet,
633 1922 696 1978 quae
719 1921 774 1980 ego
796 1903 893 1960 secero

221 2000 277 2059 hio.
317 1999 400 2062 Quid
415 2001 443 2057 id
458 2001 540 2058 meai
905 2002 938 2052 20

104 2097 174 2156 Meo
193 2116 239 2154 me
258 2115 369 2172 aequum
384 2107 426 2154 est
440 2096 613 2182 morigerum
626 2094 708 2172 patri,
723 2094 784 2172 ejus
798 2093 894 2152 studio

221 2193 325 2251 servire
340 2192 467 2250 addecet.

104 2290 163 2349 Sed
187 2308 289 2347 eooum
313 2288 550 2364 Amphitruonem
562 2308 569 2358 ;
602 2287 734 2345 advenit:
763 2286 822 2364 jam
845 2286 895 2344 ille

221 2386 269 2442 hio
283 2384 432 2443 deludetur
445 2385 544 2460 probe,

104 2482 253 2558 Siquidem
267 2499 317 2538 vos
330 2481 413 2538 voltis
428 2480 614 2537 auscultando
628 2499 744 2557 operam
756 2481 833 2538 dare.

104 2577 157 2635 Ibo
172 2578 256 2648 intro,
271 2586 403 2634 ornatum
416 2576 537 2653 capiam,
552 2577 601 2652 qui
614 2577 690 2653 potis
703 2578 794 2634 decet

104 2673 181 2732 Dein
202 2691 314 2730 sursum
335 2672 486 2730 ascendam
507 2671 670 2746 intectum,
685 2683 717 2730 ut
730 2672 810 2730 illum
825 2669 895 2728 hino

221 2769 396 2846 prohibeam.
906 2776 940 2828 25
