2150 3386
303 263 495 310 satanam.
525 263 677 309 sumam.
891 253 946 312 153

97 411 144 469 Ab
158 413 215 470 ab!
236 413 314 489 quid,
329 422 361 470 ut
374 413 444 486 dem,
453 413 558 490 poseis,
573 413 658 472 borel
699 411 750 488 Ly.
772 409 884 482 Nescis,

213 512 324 568 seelusl

94 605 140 664 Et
154 606 248 664 aulam
261 609 330 665 aseri
337 609 452 685 plenam
464 606 667 684 quadrilibrem
680 605 750 663 mibi

94 701 193 761 Audes
207 723 320 778 negare,
334 723 417 782 quam
431 703 504 761 dieti
516 703 594 760 modo
901 707 931 756 10

100 798 141 856 Te
155 801 334 877 arripuisse?
355 800 500 878 bey'ajam
513 801 562 857 ubi
575 819 648 857 nuno
663 799 765 856 lorarii
773 802 787 856 l

95 897 137 954 st.
152 896 242 968 Here,
253 897 433 974 oudipauao.
475 896 527 973 Ly.
541 896 608 954 Non
619 895 712 954 audio.
753 896 885 967 Lorarii,

94 992 189 1064 Heus,
203 993 279 1056 beses.
319 994 384 1052 Lor.
409 993 493 1062 Quid
505 997 568 1052 est?
610 993 661 1069 Ly.
682 993 799 1050 Parari
812 1000 887 1050 eate-

213 1110 265 1147 nas
279 1092 346 1149 volo.

95 1187 137 1244 St.
159 1186 241 1244 Audi
253 1208 357 1264 quaiso,
366 1197 434 1264 post
446 1209 487 1245 me
501 1189 594 1263 ligare
597 1187 722 1264 jusseris

97 1283 245 1352 Quantum
270 1285 344 1343 libet.
385 1286 436 1361 Ly.
464 1285 580 1343 Audio:
607 1284 658 1343 sed
675 1305 731 1342 rem
754 1283 883 1362 expedias

211 1383 295 1438 ocius.
668 1422 671 1431 .
898 1387 929 1436 15

93 1478 136 1535 St.
158 1477 194 1534 se·
206 1499 246 1536 me
260 1479 385 1555 torqueri
388 1478 514 1555 jusseris
529 1479 569 1536 ad
580 1499 679 1551 menn,
694 1479 757 1537 aide

96 1573 181 1642 Quid
193 1595 367 1651 consequare.
409 1576 541 1632 Primum
554 1577 629 1633 servi
642 1577 755 1634 anitium
768 1574 871 1632 babes:

93 1671 216 1743 Deinde,
231 1672 306 1748 qnod
318 1671 591 1748 concupisces,ferre
604 1692 658 1729 non
668 1680 756 1748 potes.

92 1766 136 1825 At
150 1768 177 1824 si
189 1789 229 1826 me
242 1768 332 1825 duleis
346 1769 486 1826 libertatis
496 1769 614 1843 pramio

92 1864 211 1923 Dudum
225 1864 377 1941 eoptdsses,
383 1864 553 1940 jamdudum
567 1865 638 1923 votis
644 1863 727 1940 fores
896 1880 929 1930 20

97 1961 169 2018 Tuis
178 1963 297 2038 potitus.
343 1963 445 2020 Omnes
461 1962 580 2019 Natura
589 1962 673 2039 parit
687 1962 798 2033 liberos,

90 2059 240 2117 Etanna
254 2059 381 2117 libertati
394 2058 500 2116 naturd
514 2059 635 2117 student.

94 2156 183 2214 Omni
196 2156 278 2228 molo,
292 2157 366 2214 omni
379 2158 463 2215 esitio
471 2156 554 2233 pejor
567 2157 707 2214 servitus:

90 2253 138 2311 Et
152 2273 229 2329 quern
241 2253 377 2330 anpiter
386 2254 455 2325 odit,
467 2274 570 2311 servom
583 2255 655 2311 buno
661 2252 874 2331 primumsoeit

91 2349 144 2427 Ly.
165 2349 232 2408 Non
246 2351 330 2408 stulte
348 2351 477 2427 haurris.
520 2352 561 2408 St.
584 2350 666 2409 Audi
679 2351 790 2428 reliqua
809 2369 882 2409 nuno

199 2446 285 2523 jam:
895 2469 927 2518 25

97 2543 220 2602 Tenaces
233 2544 347 2601 nimium
361 2544 483 2602 dominos
497 2554 596 2603 nostra
609 2555 678 2603 atos
693 2547 760 2603 trelit

94 2641 175 2710 Quos
189 2641 394 2717 Harpagones,
409 2641 565 2718 Harpyias
579 2651 606 2700 et
626 2643 764 2700 Tantalos

96 2738 203 2795 Vocare
216 2738 296 2809 soleo,
310 2738 341 2794 in
354 2737 452 2814 opibus
466 2740 577 2813 magnis
586 2759 737 2816 pauperes,

90 2834 136 2892 Et
150 2833 307 2892 sitibundos
321 2835 352 2890 in
365 2835 454 2892 medio
471 2835 580 2892 Oceani
592 2837 731 2912 gurgite:

89 2931 189 2991 Nulla
202 2931 261 2989 illis
275 2931 347 2988 satis
361 2931 470 2988 divitia
484 2941 560 3004 sunt,
574 2953 627 2990 non
642 2933 741 3004 Mida,
895 2955 927 3004 ³0

88 3028 158 3088 Non
174 3027 285 3086 Croesi:
305 3047 360 3085 non
373 3029 460 3086 omnis
473 3029 632 3087 Persarum
646 3031 728 3106 eopia
