2150 3386
137 205 194 263 116
353 220 549 266 nunuuumn
577 221 640 266 Aes.
655 219 686 264 n
705 221 782 264 scu.
796 217 826 262 v.

498 473 622 528 SCENA
644 474 680 527 V.

314 660 491 718 Srnoauus,
520 660 684 717 Auram.
712 660 863 718 Couuuro.

232 851 293 909 Str.
315 851 402 908 Tncn
422 871 501 909 nunu
522 853 581 928 jam
604 863 652 909 tu:
681 861 766 927 atque
789 870 896 928 agnum
917 853 986 911 hine

310 960 372 1006 uter
385 960 428 1006 est
441 950 583 1025 pinguior.

194 1043 243 1102 00.
265 1044 356 1102 Licet.
398 1045 458 1102 Str.
480 1045 529 1102 Tu
549 1045 678 1122 Congrio
701 1064 767 1102 eum
787 1064 879 1118 sume,
901 1056 985 1122 atque

311 1141 356 1198 abi

190 1235 271 1320 intro
286 1237 363 1307 illue,
378 1248 406 1295 et
419 1257 469 1294 ros
484 1238 563 1295 illum
577 1239 747 1313 sequimini:

191 1333 252 1391 Vos
266 1335 354 1390 ueteri
369 1335 437 1391 illua
452 1335 486 1391 ad
499 1353 560 1392 uos.
601 1335 660 1392 An.
683 1335 789 1393 Hercle
803 1335 910 1411 injurii

162 1430 401 1505 5Dispertivisti:
423 1431 603 1507 pinguiorem
618 1451 722 1508 agnum
736 1432 783 1488 isti
799 1433 914 1489 habent.

191 1527 252 1584 Str.
273 1527 314 1584 At
328 1546 405 1584 nune
420 1528 471 1584 tibi
486 1529 598 1584 dabitur
612 1529 745 1604 pinguior
758 1528 887 1585 tibicina.

189 1618 286 1682 Isane
300 1643 365 1680 eum
381 1624 439 1695 illo,
454 1624 586 1700 Phrygia.
627 1623 677 1680 Tu
692 1637 796 1694 autem,
812 1625 973 1696 Eleusium,

190 1715 258 1777 Huc
274 1720 348 1777 intro
363 1720 408 1776 abi
425 1721 457 1777 ad
473 1739 533 1777 noa.
578 1720 626 1778 Co.
647 1720 676 1777 Ο
691 1721 816 1777 Strobile
830 1721 963 1792 subdole,

190 1817 324 1873 Huncine
338 1817 482 1873 detrusisti
497 1836 541 1874 me
557 1818 590 1874 ad
605 1837 702 1874 senem
716 1817 946 1892 paruissumumt

145 1920 175 1969 10
188 1913 254 1984 Ubi,
279 1913 302 1970 si
327 1912 395 1988 quid
421 1931 548 1989 poscam,
572 1932 662 1988 usque
690 1914 724 1971 ad
747 1913 836 1970 ravim
862 1933 984 1988 posnam

304 2010 383 2085 prius

185 2105 283 2167 Quam
308 2106 460 2180 quicquam
487 2104 577 2162 detur.
625 2105 686 2162 Str.
709 2106 835 2163 Stultum
862 2115 891 2162 et
919 2106 984 2163 siue

304 2203 394 2278 gratia
415 2211 458 2259 est

187 2297 232 2355 Ibi
247 2312 324 2355 reete
340 2299 442 2368 faeere,
458 2299 571 2373 quando
585 2299 661 2373 quod
677 2298 765 2355 facias
778 2298 859 2374 perit.

189 2393 236 2453 00.
257 2394 320 2455 Qut
342 2396 428 2452 verot
468 2395 529 2453 Str.
552 2395 694 2471 Rogitast
712 2395 770 2471 jam
791 2393 936 2470 principio
952 2395 983 2453 iu

305 2491 413 2548 aedibus

185 2589 286 2647 Turba
301 2589 366 2646 istiu
380 2590 456 2646 nulla
470 2590 523 2645 tibi
537 2589 606 2668 erit:
628 2589 651 2646 si
666 2590 742 2664 quod
757 2590 798 2646 uti
811 2589 899 2649 voles,

157 2689 173 2736 5
188 2685 282 2742 Domo
298 2686 346 2740 abs
361 2695 388 2740 te
404 2685 511 2755 afferto,
526 2705 562 2742 ne
577 2704 692 2759 operam
706 2686 808 2760 perdas
821 2703 952 2760 poscere.

189 2779 247 2835 Hie
263 2779 336 2852 apud
350 2798 402 2834 nos
419 2798 519 2854 magna
533 2781 625 2850 turba,
638 2799 671 2836 au
686 2799 789 2855 magna
803 2781 911 2838 familia
925 2793 980 2854 est,

188 2872 330 2946 supellex,
346 2892 455 2941 aurum,
471 2885 571 2943 vestes,
587 2893 653 2930 vasa
669 2889 818 2949 argentea:

186 2964 232 3021 Ibi
245 2966 269 3022 si
282 2965 398 3040 perierit
412 2967 564 3040 quippiam,
580 2967 668 3042 (quod
684 2979 711 3026 te
726 2971 787 3026 seio
