2138 3386
258 219 463 266 arrrerrnue
493 221 555 266 nce.
572 219 600 266 v.
620 219 696 264 scm.
712 220 732 264 r.
908 207 949 266 89

92 368 277 445 Amphitruo,
293 369 368 446 piam
390 381 420 429 et
439 369 573 447 pudieam
594 388 657 428 ense
677 380 756 428 tuam
773 388 888 428 uxorem

212 479 241 524 ut
257 469 340 526 scias,
614 535 616 540 ι

90 559 138 622 De
159 563 195 625 eri
218 583 248 622 re
266 565 352 642 'signa
374 576 458 641 atque
484 577 652 644 argumenta
673 566 774 642 paucis
795 565 889 624 verbis

211 664 335 738 eloquar.
900 668 932 717 35

89 755 230 816 Omnium
260 762 383 836 primurn
416 761 578 820 Alcumena
614 761 744 838 geminos
778 763 888 839 peperit

211 857 291 916 filios,

88 953 156 1013 Am.
179 956 247 1012 Ain'
264 967 292 1011 tu
313 955 450 1032 geminos.
493 956 549 1013 Br.
571 956 718 1015 Geminos.
761 956 825 1014 Am.
847 955 886 1014 Di

210 1071 256 1110 me
270 1065 389 1111 servant.
431 1053 488 1110 Br.
511 1055 581 1111 Sine
593 1073 641 1138 me
656 1055 762 1125 dicere,

89 1147 128 1206 Ut
149 1148 225 1206 scias
246 1150 297 1206 tibi
319 1160 432 1226 tnaeque
454 1151 618 1208 uxori-deos
632 1171 695 1209 esse
710 1171 810 1209 omnes
823 1169 887 1227 pro·

208 1247 301 1322 pitius.

86 1342 155 1401 Am.
181 1343 322 1419 Loquere.
375 1344 431 1403 Br.
456 1345 611 1420 Postquam
634 1346 775 1422 parturire
799 1345 886 1403 hodie

209 1443 490 1517 uxoroecoepittua,
547 1457 550 1462 ·

86 1538 133 1596 lbi
149 1550 230 1596 utero
246 1539 336 1597 exorti
351 1541 472 1611 dolores,
488 1550 519 1596 ut
533 1539 625 1596 soient
639 1559 803 1616 puerperae:
896 1539 929 1588 4⁰

86 1635 209 1694 Invocat
223 1637 291 1694 deos
306 1636 483 1709 immertalis,
500 1647 530 1694 ut
544 1637 598 1693 sibi
614 1636 748 1693 auxilium
765 1638 867 1708 serant,

87 1732 226 1810 Manibus
240 1735 328 1808 pune,
344 1734 437 1810 eapite
454 1747 561 1810 operto.
603 1731 647 1790 Ibi
663 1733 803 1791 continuo
817 1752 885 1791 con·

207 1842 287 1889 tonat

86 1930 192 1987 Sonitu
208 1949 349 2000 maxumo,
365 1928 434 1987 aedis
447 1929 540 2004 primo
554 1947 637 1985 ruere
650 1929 783 1985 rebamur
798 1939 869 1987 tuas.

86 2027 179 2085 AEdes
193 2037 259 2084 totae
274 2026 479 2102 confulgebant
494 2037 559 2097 tuae,
575 2025 655 2100 quasi
671 2037 766 2082 essent
781 2045 882 2084 aurea).

85 2106 284 2185 Amnum
306 2123 444 2180 absolvito
465 2123 533 2179 hinc
554 2141 609 2194 me,
624 2123 755 2198 exemplo
769 2124 884 2198 quando

205 2221 274 2278 satis
288 2219 435 2277 deluseris.
894 2224 927 2272 ⁴5

84 2317 168 2381 Quid
184 2318 214 2375 iit
228 2317 352 2376 deindet
389 2317 446 2375 Br.
465 2316 542 2374 Dum
556 2317 616 2374 baee
628 2328 761 2394 aguntur,
774 2318 884 2376 interea

207 2429 323 2472 uxerem
339 2425 416 2472 tuam

84 2511 190 2587 Neque
202 2523 375 2588 gementem,
387 2530 481 2587 neque
494 2511 653 2587 plorantem
667 2521 796 2567 nostrum
808 2511 884 2587 quis·

206 2629 289 2684 quam
307 2609 484 2666 audivimus:

85 2705 132 2764 Ite
145 2707 274 2782 profecto
289 2706 352 2764 sine
367 2707 465 2774 dolore
479 2705 596 2782 peperit.
638 2704 704 2762 Am.
726 2705 883 2764 Jamistue

205 2803 328 2881 gaudeo,

86 2899 125 2959 Ut
146 2911 179 2957 ut
200 2919 268 2977 erga
291 2919 336 2958 me
359 2901 460 2960 merita
481 2911 532 2959 est.
580 2899 638 2957 Br.
661 2897 747 2956 Mitte
771 2899 882 2971 isthaee,

206 3009 290 3073 atque
304 2997 366 3055 haee
379 3017 443 3073 quae
457 2997 551 3056 dicam
568 2996 676 3072 accipe.

109 3079 117 3105 ,
321 3093 368 3152 8,
