2138 3386
135 213 176 272 50
351 223 556 274 nnrnrrsno.
585 225 648 272 scr.
664 223 695 270 11.
715 226 793 272 sm.
807 225 828 270 2.

194 371 258 434 Qui
280 393 357 430 nunc
378 374 503 450 primum
524 385 553 432 te
572 374 720 434 advenisse
734 375 823 446 dicas,
839 375 924 432 rnodo
939 374 988 452 qui

314 470 381 527 hinc
396 471 519 529 abieris?

194 566 261 626 Am.
292 567 366 624 Haec
392 567 507 642 quidem
538 568 725 626 deliramento
753 568 886 644 loquitur.
938 569 986 628 Sc.

314 665 461 740 Paulisper
475 683 569 736 mane,

151 766 183 818 66
196 760 273 820 Dum
290 761 462 819 edormiscat
482 780 571 820 unum
591 780 732 820 somnum.
773 760 838 820 Am.
859 762 936 824 Quae
951 783 989 822 ne

313 859 434 935 vigilans
448 859 579 916 somniat.

195 954 245 1014 Al.
267 955 408 1030 Equidem
430 949 541 1012 ecastor
561 955 659 1032 vigilo,
673 966 701 1014 ct
720 955 840 1032 vigilans
861 955 890 1013 id
910 957 988 1031 quod

316 1053 421 1110 sactum
437 1062 480 1110 est
494 1051 613 1109 fabulor.
906 1115 909 1120 ,

195 1147 273 1206 Nam
300 1149 408 1205 dudum
433 1158 498 1206 ante
524 1148 617 1204 lucem
642 1157 671 1205 et
697 1121 793 1205 istnnc
816 1158 844 1206 et
867 1158 896 1206 te
919 1149 987 1206 vidi.

313 1245 377 1302 Am.
398 1244 469 1306 Quo
483 1244 512 1302 in
526 1244 612 1301 loco?

195 1340 245 1400 Al.
268 1342 337 1412 Hic,
354 1343 382 1398 in
404 1341 521 1413 aedibus,
536 1341 586 1398 ubi
607 1350 636 1398 tu
658 1341 777 1400 habitas.
818 1341 883 1399 Am.
905 1341 989 1400 Nun·

313 1457 399 1514 quarn
413 1440 520 1496 factum
535 1449 585 1496 est.
626 1438 675 1496 Sc.
698 1438 766 1496 Non
781 1440 879 1496 taces?

195 1535 278 1597 Quid
293 1536 316 1591 si
331 1555 347 1592 e
360 1545 442 1610 portu
457 1535 537 1592 navis
548 1535 605 1592 huc
618 1554 672 1592 nos
685 1535 852 1592 dormientis
866 1535 989 1593 detulit?

152 1637 184 1685 70
196 1632 261 1690 Am.
276 1631 373 1689 Etiam
388 1645 418 1688 tu
430 1650 543 1707 qnoque
558 1631 710 1689 assentarie
721 1630 808 1689 huic?
841 1631 889 1690 So.
904 1631 989 1694 Quid

313 1729 356 1784 vis
370 1727 451 1785 fieri?

196 1823 265 1882 Non
285 1837 316 1881 tu
337 1825 404 1896 scis,
419 1825 541 1882 Bacohae
556 1823 708 1882 bacchanti
729 1823 753 1882 si
767 1823 837 1881 velis
859 1824 991 1887 advorsa·

315 1922 380 1994 tier,

196 2017 242 2075 Ex
256 2018 356 2076 insane
374 2018 544 2075 insaniorem
560 2016 657 2088 facies,
673 2017 754 2075 seriet
768 2017 888 2093 saepius:

196 2114 229 2172 Si
250 2115 417 2190 obsequere,
437 2113 495 2171 unfi
516 2112 640 2171 resolvas
657 2113 750 2191 plage.
792 2114 857 2172 Am.
880 2115 920 2173 At
940 2117 988 2192 pol

313 2211 381 2285 quin
397 2221 533 2268 certares

197 2305 283 2364 Hanc
303 2317 346 2364 est
366 2307 526 2382 objurgare,
542 2326 604 2382 qure
625 2325 673 2365 me
685 2305 771 2364 hodie
790 2307 989 2368 advenientem

314 2403 432 2459 domurn

152 2508 184 2557 75
197 2499 331 2557 Noluerit
344 2499 476 2558 salutare.
514 2500 561 2558 So.
581 2498 711 2558 Inritabis
725 2500 886 2558 crabrones.
921 2501 988 2560 Am.
1055 2497 1057 2582 4

313 2595 404 2655 Tace.

197 2692 368 2763 Alcumena,
384 2711 472 2750 unum
493 2712 593 2771 rogare
613 2704 642 2752 te
662 2692 735 2750 volo.
776 2691 826 2751 Al.
847 2692 990 2754 Quidvis

315 2791 435 2864 rogare?
456 2808 532 2866 roga.

197 2881 263 2941 Am.
285 2881 314 2938 N
318 2903 364 2939 orn
386 2884 437 2940 ribi
459 2895 506 2941 aut
526 2884 647 2942 stultitia
667 2885 798 2957 accessit,
813 2895 860 2942 eut
874 2899 990 2961 superat
1054 2941 1055 2964 1

317 2978 468 3052 superbia?
1054 2969 1055 2989 ³
