2138 3386
257 227 454 274 maumam.
483 226 592 274 Acr.11.
613 229 689 273 scra.
705 227 725 272 1.
889 207 947 270 103

310 483 434 538 ACTUS
456 483 490 537 IL
519 483 675 537 SCENAL

300 670 453 729 Euuoum.
481 669 683 728 Memnonos.

135 867 196 924 Eu.
218 865 320 942 Virum
334 875 363 920 te
378 863 506 920 arbitrari
522 881 566 920 me
581 863 642 920 haec
655 862 750 932 verba,
766 861 860 934 frater,

95 963 171 1020 Meae
186 962 261 1030 fidei,
276 972 387 1034 tuaeque
403 960 441 1016 rei
457 960 512 1016 hoc
527 960 613 1016 eausa

96 1060 215 1128 Facere,
231 1071 261 1114 ut
275 1075 386 1132 aequom
400 1066 444 1114 est
457 1073 620 1132 germanam
635 1074 769 1114 sororem.

94 1156 270 1229 Quanquam
286 1153 360 1209 haud
377 1153 532 1222 iulaesum,
548 1171 600 1208 nos
614 1153 727 1210 odiosas
743 1151 847 1208 haberi.

95 1252 173 1308 Nam
187 1251 307 1307 multum
322 1250 455 1324 loquaces
471 1249 571 1306 merito
585 1267 684 1306 omnes
699 1249 845 1320 habemur,
900 1259 917 1307 ὁ

95 1347 123 1405 N
128 1367 162 1406 eo
176 1358 281 1404 mutam
297 1347 426 1422 profecto
440 1359 578 1421 repertam
594 1347 681 1403 ullam
695 1365 757 1404 esse
883 1343 886 1348 ’

96 1444 193 1502 Hodie
208 1444 308 1500 dieunt
324 1442 470 1500 mulierem
485 1443 543 1498 ullo
558 1443 587 1499 in
602 1443 708 1500 seculo.

96 1541 203 1598 Verum
220 1541 284 1609 hoe,
301 1541 394 1610 frater,
410 1559 496 1596 unum
512 1550 607 1596 tamen
622 1540 757 1616 cogitato,

95 1637 167 1694 Tibi
181 1655 348 1712 proxumam
362 1655 417 1707 me,
434 1636 560 1711 mihique
575 1636 643 1693 item
657 1654 719 1692 esse
734 1646 770 1694 te.

94 1733 135 1791 Ut
155 1752 266 1808 aequom
287 1745 339 1804 est,
361 1732 437 1807 quod
462 1732 491 1789 in
512 1751 572 1790 rem
596 1750 658 1788 esse
679 1732 791 1807 utrique
818 1731 889 1790 arbi·

214 1841 330 1900 tremor,
456 1827 462 1846 ¹
902 1843 933 1894 10

95 1925 136 1983 Et
149 1925 218 1982 mihi
233 1938 271 1995 te,
286 1937 314 1982 et
327 1924 379 1981 tibi
393 1943 439 1982 me
454 1925 604 1982 consulere
618 1934 647 1981 et
660 1943 793 1982 mouere:

96 2022 202 2097 Neque
228 2022 375 2078 occuitum
403 2021 431 2078 id
460 2021 568 2092 haberi,
592 2039 685 2096 ireque
708 2040 758 2098 per
782 2031 889 2079 metum

216 2119 344 2188 mussari,

95 2214 179 2277 Quin
190 2215 357 2290 participem
369 2214 472 2288 pariter
484 2232 538 2290 ego
553 2224 590 2284 te,
603 2224 631 2270 et
645 2225 674 2271 trr
690 2233 736 2271 me
750 2224 781 2271 ut
792 2213 888 2272 facias.

98 2311 143 2369 Eo
157 2331 235 2368 nune
249 2330 304 2386 ego
318 2322 429 2368 secreto
444 2321 472 2368 te
487 2311 543 2367 hue
558 2311 633 2368 suras
647 2311 757 2382 seduxi,

97 2408 137 2466 Ut
151 2420 227 2464 tuum
242 2426 300 2464 rem
313 2426 368 2483 ego
382 2418 478 2464 tecum
493 2406 541 2466 hie
555 2407 685 2481 loquerer
700 2407 876 2466 familiarem.
904 2410 935 2458 15

97 2505 155 2563 Me.
177 2505 223 2560 Da
235 2505 314 2574 mihi,
326 2515 442 2579 optuma
453 2504 578 2574 faemina,
591 2523 716 2560 manum.
754 2504 814 2562 Eu.
833 2504 891 2562 Ubi

218 2619 252 2657 ea
266 2602 327 2657 est?
348 2601 412 2674 quis
426 2619 459 2656 ea

99 2696 153 2755 Est
175 2716 240 2754 uam
265 2698 400 2772 optuma?
441 2696 498 2754 Me.
526 2695 584 2755 Tu.
626 2697 686 2755 Eu.
715 2697 802 2756 Tune
830 2697 891 2755 aiei

216 2793 273 2850 Me.
296 2794 440 2870 sineque,

100 2887 194 2966 Nego.
235 2889 294 2947 Eu.
316 2891 409 2947 Decet
423 2900 450 2946 te
464 2889 595 2964 equidem
610 2909 676 2947 vera
691 2889 827 2967 proloqui.

101 2985 176 3043 Nam
193 2991 309 3061 optuma
322 2986 400 3043 nulla
413 2995 506 3061 potest
519 2985 604 3061 eligi:
627 2985 682 3042 alia
697 2986 752 3042 alia
