2150 3386
146 191 203 252 146
352 209 545 258 ιιιιυιιιιιιι.
573 212 635 257 ner.
650 209 692 256 ιν.
714 210 790 256 scu.
805 209 840 258 ιο.

201 351 341 416 Nonnere.
393 359 454 436 Ly.
481 357 585 418 Filium
611 377 646 420 ex
669 369 699 418 te
723 369 756 418 tu
779 359 875 416 huben.
929 355 992 418 En.

319 453 412 512 Immo
426 455 557 513 eccillum
571 455 657 514 domi.

201 546 261 626 Ly.
282 547 356 608 Eum
376 563 407 608 tu
427 551 615 628 despondisti,
626 553 738 628 opinor,
756 569 820 610 meo
840 550 992 609 avunculo.

319 646 380 704 En.
401 647 526 706 Omnem
540 667 598 707 rem
613 658 702 706 tenes.

202 739 263 820 Ly.
295 741 326 800 Is
351 762 398 804 me
424 763 503 804 nune
529 744 699 805 renunciare
727 743 878 820 repudium
909 741 995 821 jussit

320 839 381 898 tibi.

203 933 264 994 Eu.
292 934 469 1012 Repudium,
494 937 580 996 rebus
601 936 716 1013 puratis,
741 946 827 1012 etque
849 935 995 996 exornetis

320 1033 448 1108 nuptiis?

160 1127 192 1180 5⁵
203 1127 243 1188 Ut
264 1129 342 1188 illum
356 1129 386 1187 di
406 1130 580 1190 immortales
598 1149 700 1190 omnen
713 1129 840 1205 denque,
854 1139 995 1205 qnantum

321 1236 374 1298 est,
387 1226 531 1302 perduint,

202 1321 302 1384 Quem
320 1334 434 1398 propter
448 1323 534 1380 hodie
548 1322 610 1382 nuri
623 1332 735 1382 tuntum
747 1320 869 1398 perdidi,
885 1321 995 1395 infelix,

322 1437 416 1477 miser.

204 1514 263 1592 Ly.
288 1515 371 1574 Bono
395 1515 490 1574 animo
509 1535 550 1588 ee,
571 1527 599 1575 et
619 1515 769 1574 benedine.
820 1514 912 1573 Nune
933 1533 997 1591 que

322 1629 367 1668 res
380 1611 433 1669 tibi
447 1621 476 1670 et
488 1623 581 1688 gnate
595 1623 651 1670 tum

205 1705 286 1767 Bene
299 1705 476 1783 feliciterque
489 1718 590 1766 vortat.
630 1707 675 1765 lte
688 1706 719 1764 di
733 1706 832 1779 faxint,
847 1707 963 1782 inquito

204 1802 264 1862 En.
286 1803 330 1861 Itu
350 1802 380 1861 di
401 1804 514 1862 seciani.
555 1805 613 1882 Ly
634 1803 674 1862 Et
694 1803 764 1862 mihi
782 1804 822 1862 ite
834 1802 865 1860 di
880 1803 997 1862 saniant.

322 1900 402 1959 Audi
415 1920 494 1959 nune
503 1901 571 1978 jam.

156 1999 193 2054 260
204 1996 267 2060 Qui
286 1996 373 2054 homo
393 1998 506 2074 eulpam
527 1997 642 2058 admisit
660 1997 691 2056 in
710 2015 751 2070 ee,
765 1997 861 2056 nuilus
874 2007 918 2056 est
938 2009 998 2056 tum

322 2093 401 2170 parri
413 2092 497 2170 preti,

197 2188 287 2252 Quin
300 2190 415 2266 pudent,
430 2190 498 2266 quin
512 2200 615 2268 purget
631 2207 671 2249 ee.
711 2189 803 2248 Nune
815 2199 844 2248 te
857 2189 997 2262 obtentur,

322 2285 437 2360 Euclio,

206 2381 239 2446 li
264 2381 333 2457 quid
360 2399 416 2460 ego
441 2401 511 2462 erga
535 2393 565 2444 te
595 2383 760 2461 impmdens
788 2382 919 2459 peeeuri,
949 2393 999 2442 unt

322 2489 438 2555 gnatum
452 2489 541 2552 tuum,

204 2573 244 2634 Ut
264 2574 335 2632 mihi
356 2574 498 2652 munnere,
518 2593 639 2652 eamque
657 2594 776 2634 uxorem
796 2573 868 2633 mihi
888 2573 952 2649 des,
966 2585 999 2634 ut

322 2671 401 2747 leges
410 2671 528 2747 jubent:

205 2765 270 2842 Ego
282 2784 328 2823 me
342 2765 475 2841 iujuriam
489 2767 592 2825 secisse
606 2768 671 2825 filine
686 2767 775 2826 fateor
788 2778 857 2840 tute,

161 2859 320 2918 &Cereris
340 2859 453 2936 vigiliis,
473 2879 524 2936 per
544 2863 652 2935 vinum,
673 2875 758 2938 etque
781 2863 907 2940 impulsu
931 2863 1000 2922 ndo·

320 2951 474 3012 lesnentiae.
