2138 3386
133 236 169 292 14
319 247 490 294 PROLOGUS
510 247 544 294 ΙΝ
564 245 836 294 AMPHITRUONEM.

189 396 279 458 Quod
294 416 348 474 ego
362 397 420 454 hue
432 397 558 472 processi
573 396 615 454 sie
630 415 697 454 cum
710 395 805 454 servili
820 393 946 464 sohemA,

190 494 324 551 Veterem
347 506 430 570 atque
449 493 594 569 antiquam
612 511 670 552 rem
686 511 786 550 novam
802 492 837 549 ad
851 510 901 548 vos
914 509 977 567 pro·

307 591 411 648 feram:

189 688 342 764 Propterea
356 697 473 744 ornatus
486 685 515 744 in
529 705 634 744 novum
649 685 752 744 inoersi
767 683 891 743 modum.

131 786 177 836 120
190 782 265 840 Nam
281 803 361 841 meus
373 793 452 860 pater
467 783 543 841 intus
554 802 633 841 nuno
642 793 694 854 est,
706 801 818 855 esuum,
829 781 975 858 luppiter:

189 881 223 939 In
240 881 457 956 Amphitruonis
470 881 555 938 vortit
568 899 631 939 sese
645 880 808 958 imaginem,

189 977 355 1052 Omnesque
369 995 435 1034 eum
449 997 511 1035 esse
524 977 740 1073 oensent'servi,
755 978 804 1052 qui
818 976 931 1034 vident:

189 1074 234 1131 lta
248 1074 424 1149 versipellem
437 1092 467 1132 se
481 1074 558 1145 facit,
573 1073 687 1149 quando
699 1073 786 1132 lubet

127 1167 130 1172 ’
190 1170 254 1247 Ego
269 1171 341 1228 servi
356 1170 462 1246 sumpsi
479 1171 568 1228 Sosiae
582 1171 652 1228 mihi
668 1171 831 1246 imaginem,

131 1263 177 1314 125
188 1267 251 1329 Qui
266 1287 332 1324 oum
347 1267 561 1342 Amphitruone·
573 1267 643 1325 abiit
656 1267 723 1324 hino
739 1267 767 1324 ἰιι
782 1266 956 1324 exereitum:

189 1365 228 1423 Ut
241 1364 403 1440 praeservire
418 1364 522 1421 amanti
537 1382 602 1421 meo
615 1382 727 1438 possem
741 1364 830 1439 patri:

189 1461 286 1536 Atque
300 1471 331 1518 ut
346 1479 392 1531 ue,
406 1459 455 1535 qui
469 1479 570 1530 essem,
586 1459 738 1517 familiares
751 1470 919 1535 quererent,

188 1557 305 1614 Versari
319 1557 420 1613 erebro
434 1553 482 1612 hio
496 1574 562 1612 oum
576 1556 704 1613 viderent
719 1575 764 1614 me
778 1556 863 1612 domi.

189 1651 277 1710 Nuno
301 1671 367 1709 oum
389 1670 452 1709 esse
475 1651 593 1709 credent
614 1670 735 1724 servum,
757 1661 786 1710 et
807 1670 977 1710 conservum
1062 1725 1063 1738 χ

305 1768 398 1820 suurn,

132 1845 176 1897 1³0
190 1846 275 1904 Haud
296 1846 445 1922 quisquam
466 1855 572 1922 quaeret
592 1845 641 1922 qui
655 1845 736 1917 siem,
751 1855 799 1903 aut
812 1846 881 1921 quid
895 1865 978 1904 vene·

306 1943 367 2001 rim.

189 2040 272 2096 Pater
286 2058 364 2096 nuno
378 2039 455 2096 intus
468 2057 521 2096 suo
536 2040 631 2097 animo
643 2058 751 2098 morem
766 2039 857 2116 gerit:

188 2134 284 2192 Cubat
298 2135 471 2210 complexus,
487 2136 568 2212 eujus
583 2136 701 2211 cupiens
714 2155 845 2194 maxume
858 2145 909 2194 est.

187 2231 264 2292 Quae
279 2230 320 2288 illi
335 2232 370 2289 ad
383 2232 526 2308 legionem
540 2233 703 2302 factasunt,
717 2243 855 2289 memorat
867 2242 947 2307 pater

189 2327 274 2384 Meus
287 2327 464 2384 Aloumenae.
506 2328 546 2384 Ar
560 2327 609 2384 illa
623 2327 702 2386 illum
717 2337 815 2385 oenset
828 2328 920 2384 virum

130 2431 176 2481 135
189 2425 279 2481 Suum
291 2443 363 2495 etse,
375 2442 437 2499 quae
448 2443 514 2481 cum
528 2423 641 2482 moeoho
655 2433 705 2482 est.
746 2422 791 2480 Ibi
805 2443 883 2482 nuno
895 2443 978 2482 meus

305 2531 385 2596 pater

188 2616 340 2688 Memorat,
355 2616 482 2694 legiones
496 2616 619 2674 hostiurn
635 2626 665 2674 ut
680 2615 834 2693 fugaverit:

186 2714 258 2775 Quo
271 2724 356 2788 pacto
369 2713 406 2771 sit
419 2713 503 2771 donis
516 2712 637 2770 donatus
650 2712 786 2788 plurimis.

189 2809 233 2866 Ea
246 2811 330 2880 dona,
346 2829 408 2884 quae
423 2809 482 2866 illio
496 2809 700 2884 Amphitruoni
713 2822 779 2867 sunt
793 2808 867 2879 data,

190 2905 384 2962 Abstulimus:
406 2905 489 2962 facile
504 2923 583 2962 meus
595 2915 675 2980 pater
688 2905 765 2979 quod
779 2904 836 2962 volt
850 2903 926 2964 saoit.

134 3013 177 3064 tto
190 3000 277 3059 Nune
292 3002 376 3059 hodie
390 3000 562 3077 Amphitruo
575 3001 670 3058 veniet
682 3000 739 3058 huo
753 3001 789 3058 ab
802 3001 940 3073 exercitu,
